<?xml version="1.0" encoding="UTF-8"?>
<!DOCTYPE html PUBLIC "-//W3C//DTD XHTML 1.0 Transitional//EN"
    "http://www.w3.org/TR/xhtml1/DTD/xhtml1-transitional.dtd">
<html xmlns="http://www.w3.org/1999/xhtml" xml:lang="en" lang="en">
 <head>
  <title>
</title>
<meta http-equiv="Content-Type" content="text/html;charset=utf-8" />
  <meta name='ocr-system' content='tesseract 3.04.00' />
  <meta name='ocr-capabilities' content='ocr_page ocr_carea ocr_par ocr_line ocrx_word'/>
</head>
<body>
  <div class='ocr_page' id='page_1' title='image "./analectahymnica27drevuoft_00184.png"; bbox 0 0 1650 2610; ppageno 0'>
   <div class='ocr_carea' id='block_1_1' title="bbox 673 129 932 165">
    <p class='ocr_par' dir='ltr' id='par_1_1' title="bbox 673 129 932 165">
     <span class='ocr_line' id='line_1_1' title="bbox 673 129 932 165; baseline 0 -1"><span class='ocrx_word' id='word_1_1' title='bbox 673 129 932 165; x_wconf 78' lang='lat'>—181—</span> 
     </span>
    </p>
   </div>
   <div class='ocr_carea' id='block_1_2' title="bbox 394 224 1165 455">
    <p class='ocr_par' dir='ltr' id='par_1_2' title="bbox 394 224 1165 411">
     <span class='ocr_line' id='line_1_2' title="bbox 394 224 1165 266; baseline 0.001 -10"><span class='ocrx_word' id='word_1_2' title='bbox 394 224 427 256; x_wconf 81' lang='lat'>4.</span> <span class='ocrx_word' id='word_1_3' title='bbox 452 224 516 257; x_wconf 90' lang='lat' dir='ltr'>Hic</span> <span class='ocrx_word' id='word_1_4' title='bbox 540 233 663 266; x_wconf 87' lang='lat' dir='ltr'>quoque</span> <span class='ocrx_word' id='word_1_5' title='bbox 687 226 787 258; x_wconf 85' lang='lat' dir='ltr'>vitam</span> <span class='ocrx_word' id='word_1_6' title='bbox 809 227 934 266; x_wconf 84' lang='lat' dir='ltr'>appetit</span> <span class='ocrx_word' id='word_1_7' title='bbox 957 226 1165 258; x_wconf 86' lang='lat' dir='ltr'>monasticam</span> 
     </span>
     <span class='ocr_line' id='line_1_3' title="bbox 451 272 1122 315; baseline 0.001 -11"><span class='ocrx_word' id='word_1_8' title='bbox 451 272 496 304; x_wconf 86' lang='lat' dir='ltr'>Et</span> <span class='ocrx_word' id='word_1_9' title='bbox 520 280 590 304; x_wconf 89' lang='lat' dir='ltr'>sese</span> <span class='ocrx_word' id='word_1_10' title='bbox 614 273 710 306; x_wconf 89' lang='lat' dir='ltr'>valde</span> <span class='ocrx_word' id='word_1_11' title='bbox 737 273 879 314; x_wconf 65' lang='lat' dir='ltr'>estringit</span> <span class='ocrx_word' id='word_1_12' title='bbox 904 273 946 306; x_wconf 86' lang='lat' dir='ltr'>ad</span> <span class='ocrx_word' id='word_1_13' title='bbox 971 273 1122 315; x_wconf 82' lang='lat' dir='ltr'>regulam,</span> 
     </span>
     <span class='ocr_line' id='line_1_4' title="bbox 452 319 1147 362; baseline 0 -11"><span class='ocrx_word' id='word_1_14' title='bbox 452 319 617 362; x_wconf 83' lang='lat' dir='ltr'>Parentes,</span> <span class='ocrx_word' id='word_1_15' title='bbox 645 321 755 353; x_wconf 81' lang='lat' dir='ltr'>domos</span> <span class='ocrx_word' id='word_1_16' title='bbox 779 321 928 352; x_wconf 83' lang='lat' dir='ltr'>omittens</span> <span class='ocrx_word' id='word_1_17' title='bbox 953 323 985 352; x_wconf 87' lang='lat' dir='ltr'>et</span> <span class='ocrx_word' id='word_1_18' title='bbox 1008 321 1147 361; x_wconf 76' lang='lat' dir='ltr'>patriam</span> 
     </span>
     <span class='ocr_line' id='line_1_5' title="bbox 452 366 1075 411; baseline 0.003 -14"><span class='ocrx_word' id='word_1_19' title='bbox 452 366 599 399; x_wconf 84' lang='lat' dir='ltr'>Bethlem</span> <span class='ocrx_word' id='word_1_20' title='bbox 624 368 757 408; x_wconf 84' lang='lat' dir='ltr'>invenit,</span> <span class='ocrx_word' id='word_1_21' title='bbox 783 376 859 400; x_wconf 87' lang='lat' dir='ltr'>rura</span> <span class='ocrx_word' id='word_1_22' title='bbox 883 367 1075 411; x_wconf 87' lang='lat' dir='ltr'>beatissima,</span> 
     </span>
    </p>

    <p class='ocr_par' dir='ltr' id='par_1_3' title="bbox 453 413 1094 455">
     <span class='ocr_line' id='line_1_6' title="bbox 453 413 1094 455; baseline 0.002 -10"><span class='ocrx_word' id='word_1_23' title='bbox 453 413 491 445; x_wconf 80' lang='lat' dir='ltr'>In</span> <span class='ocrx_word' id='word_1_24' title='bbox 514 423 577 453; x_wconf 83' lang='lat' dir='ltr'>qua</span> <span class='ocrx_word' id='word_1_25' title='bbox 599 415 725 454; x_wconf 80' lang='lat' dir='ltr'>peregit</span> <span class='ocrx_word' id='word_1_26' title='bbox 748 417 963 447; x_wconf 85' lang='lat' dir='ltr'>consummata</span> <span class='ocrx_word' id='word_1_27' title='bbox 986 423 1094 455; x_wconf 83' lang='lat' dir='ltr'>opera.</span> 
     </span>
    </p>
   </div>
   <div class='ocr_carea' id='block_1_3' title="bbox 393 469 1161 699">
    <p class='ocr_par' dir='ltr' id='par_1_4' title="bbox 393 469 1161 656">
     <span class='ocr_line' id='line_1_7' title="bbox 393 469 1161 511; baseline 0.003 -10"><span class='ocrx_word' id='word_1_28' title='bbox 393 470 424 501; x_wconf 85' lang='lat'>5.</span> <span class='ocrx_word' id='word_1_29' title='bbox 451 470 535 502; x_wconf 86' lang='lat' dir='ltr'>Dum</span> <span class='ocrx_word' id='word_1_30' title='bbox 561 473 644 502; x_wconf 85' lang='lat' dir='ltr'>esset</span> <span class='ocrx_word' id='word_1_31' title='bbox 667 469 794 503; x_wconf 87' lang='lat' dir='ltr'>fervens</span> <span class='ocrx_word' id='word_1_32' title='bbox 821 471 1001 511; x_wconf 87' lang='lat' dir='ltr'>callensque</span> <span class='ocrx_word' id='word_1_33' title='bbox 1025 471 1161 511; x_wconf 87' lang='lat' dir='ltr'>ingenio,</span> 
     </span>
     <span class='ocr_line' id='line_1_8' title="bbox 456 517 1078 558; baseline 0.002 -9"><span class='ocrx_word' id='word_1_34' title='bbox 456 517 690 558; x_wconf 81' lang='lat' dir='ltr'>Gentiliumque</span> <span class='ocrx_word' id='word_1_35' title='bbox 714 527 835 550; x_wconf 85' lang='lat' dir='ltr'>summo</span> <span class='ocrx_word' id='word_1_36' title='bbox 860 526 929 550; x_wconf 87' lang='lat' dir='ltr'>cum</span> <span class='ocrx_word' id='word_1_37' title='bbox 958 518 1078 550; x_wconf 68' lang='lat' dir='ltr'>estudio</span> 
     </span>
     <span class='ocr_line' id='line_1_9' title="bbox 454 565 1005 606; baseline 0 -9"><span class='ocrx_word' id='word_1_38' title='bbox 454 565 518 597; x_wconf 87' lang='lat' dir='ltr'>Pro</span> <span class='ocrx_word' id='word_1_39' title='bbox 544 565 688 605; x_wconf 81' lang='lat' dir='ltr'>elegante</span> <span class='ocrx_word' id='word_1_40' title='bbox 709 566 820 605; x_wconf 91' lang='lat' dir='ltr'>lepore</span> <span class='ocrx_word' id='word_1_41' title='bbox 844 565 1005 606; x_wconf 86' lang='lat' dir='ltr'>prosatico</span> 
     </span>
     <span class='ocr_line' id='line_1_10' title="bbox 455 611 1029 656; baseline 0 -12"><span class='ocrx_word' id='word_1_42' title='bbox 455 611 684 651; x_wconf 83' lang='lat' dir='ltr'>opusculorum</span> <span class='ocrx_word' id='word_1_43' title='bbox 705 613 894 644; x_wconf 75' lang='lat' dir='ltr'>reconderet</span> <span class='ocrx_word' id='word_1_44' title='bbox 915 612 1029 656; x_wconf 83' lang='lat' dir='ltr'>animo,</span> 
     </span>
    </p>

    <p class='ocr_par' dir='ltr' id='par_1_5' title="bbox 454 658 1001 699">
     <span class='ocr_line' id='line_1_11' title="bbox 454 658 1001 699; baseline 0 -9"><span class='ocrx_word' id='word_1_45' title='bbox 454 658 527 690; x_wconf 86' lang='lat' dir='ltr'>Tali</span> <span class='ocrx_word' id='word_1_46' title='bbox 551 661 691 690; x_wconf 90' lang='lat' dir='ltr'>meretur</span> <span class='ocrx_word' id='word_1_47' title='bbox 717 659 834 699; x_wconf 84' lang='lat' dir='ltr'>corrigi</span> <span class='ocrx_word' id='word_1_48' title='bbox 856 659 1001 691; x_wconf 86' lang='lat' dir='ltr'>oraculo:</span> 
     </span>
    </p>
   </div>
   <div class='ocr_carea' id='block_1_4' title="bbox 397 713 1214 943">
    <p class='ocr_par' dir='ltr' id='par_1_6' title="bbox 397 713 1214 943">
     <span class='ocr_line' id='line_1_12' title="bbox 397 713 1214 764; baseline 0.004 -20"><span class='ocrx_word' id='word_1_49' title='bbox 397 714 428 745; x_wconf 92' lang='lat'>6.</span> <span class='ocrx_word' id='word_1_50' title='bbox 455 713 548 754; x_wconf 90' lang='lat' dir='ltr'>Nam,</span> <span class='ocrx_word' id='word_1_51' title='bbox 576 722 659 764; x_wconf 66' lang='lat' dir='ltr'>ecce,</span> <span class='ocrx_word' id='word_1_52' title='bbox 684 714 813 747; x_wconf 86' lang='lat' dir='ltr'>morbus</span> <span class='ocrx_word' id='word_1_53' title='bbox 836 715 963 747; x_wconf 88' lang='lat' dir='ltr'>invadit</span> <span class='ocrx_word' id='word_1_54' title='bbox 984 715 1214 759; x_wconf 73' lang='lat' dir='ltr'>corpusculum,</span> 
     </span>
     <span class='ocr_line' id='line_1_13' title="bbox 452 761 1073 800; baseline 0.002 -8"><span class='ocrx_word' id='word_1_55' title='bbox 452 761 582 800; x_wconf 86' lang='lat' dir='ltr'>Iamque</span> <span class='ocrx_word' id='word_1_56' title='bbox 605 761 734 793; x_wconf 89' lang='lat' dir='ltr'>reclinis</span> <span class='ocrx_word' id='word_1_57' title='bbox 761 762 871 794; x_wconf 89' lang='lat' dir='ltr'>dolore</span> <span class='ocrx_word' id='word_1_58' title='bbox 893 762 929 794; x_wconf 91' lang='lat' dir='ltr'>in</span> <span class='ocrx_word' id='word_1_59' title='bbox 951 761 1073 794; x_wconf 83' lang='lat' dir='ltr'>ferculo</span> 
     </span>
     <span class='ocr_line' id='line_1_14' title="bbox 453 807 1143 850; baseline 0.001 -11"><span class='ocrx_word' id='word_1_60' title='bbox 453 807 505 839; x_wconf 83' lang='lat' dir='ltr'>Ex</span> <span class='ocrx_word' id='word_1_61' title='bbox 529 817 618 840; x_wconf 83' lang='lat' dir='ltr'>more</span> <span class='ocrx_word' id='word_1_62' title='bbox 643 808 761 848; x_wconf 86' lang='lat' dir='ltr'>quippe</span> <span class='ocrx_word' id='word_1_63' title='bbox 786 807 932 840; x_wconf 89' lang='lat' dir='ltr'>funerum</span> <span class='ocrx_word' id='word_1_64' title='bbox 956 809 1143 850; x_wconf 86' lang='lat' dir='ltr'>vulgarium,</span> 
     </span>
     <span class='ocr_line' id='line_1_15' title="bbox 455 855 1080 895; baseline -0.002 -8"><span class='ocrx_word' id='word_1_65' title='bbox 455 855 684 895; x_wconf 82' lang='lat' dir='ltr'>Obsequiorum</span> <span class='ocrx_word' id='word_1_66' title='bbox 708 857 831 887; x_wconf 81' lang='lat' dir='ltr'>tantum</span> <span class='ocrx_word' id='word_1_67' title='bbox 855 858 891 886; x_wconf 79' lang='lat' dir='ltr'>ut</span> <span class='ocrx_word' id='word_1_68' title='bbox 918 856 1080 894; x_wconf 80' lang='lat' dir='ltr'>⁹spiritum</span> 
     </span>
     <span class='ocr_line' id='line_1_16' title="bbox 455 902 1152 943; baseline -0.001 -9"><span class='ocrx_word' id='word_1_69' title='bbox 455 902 619 934; x_wconf 85' lang='lat' dir='ltr'>Redderet</span> <span class='ocrx_word' id='word_1_70' title='bbox 643 903 726 943; x_wconf 83' lang='lat' dir='ltr'>polo,</span> <span class='ocrx_word' id='word_1_71' title='bbox 753 905 783 934; x_wconf 88' lang='lat' dir='ltr'>et</span> <span class='ocrx_word' id='word_1_72' title='bbox 808 902 951 934; x_wconf 88' lang='lat' dir='ltr'>membra</span> <span class='ocrx_word' id='word_1_73' title='bbox 974 903 1007 934; x_wconf 89' lang='lat' dir='ltr'>in</span> <span class='ocrx_word' id='word_1_74' title='bbox 1034 902 1152 934; x_wconf 89' lang='lat' dir='ltr'>tumulo</span> 
     </span>
    </p>
   </div>
   <div class='ocr_carea' id='block_1_5' title="bbox 399 959 1097 1187">
    <p class='ocr_par' dir='ltr' id='par_1_7' title="bbox 399 959 1097 1187">
     <span class='ocr_line' id='line_1_17' title="bbox 399 959 1097 1002; baseline -0.001 -12"><span class='ocrx_word' id='word_1_75' title='bbox 399 959 429 990; x_wconf 81' lang='lat'>7.</span> <span class='ocrx_word' id='word_1_76' title='bbox 456 959 737 1002; x_wconf 79' lang='lat' dir='ltr'>Reconderentur3</span> <span class='ocrx_word' id='word_1_77' title='bbox 761 961 893 999; x_wconf 85' lang='lat' dir='ltr'>repente</span> <span class='ocrx_word' id='word_1_78' title='bbox 918 962 950 991; x_wconf 82' lang='lat' dir='ltr'>et</span> <span class='ocrx_word' id='word_1_79' title='bbox 975 959 1097 991; x_wconf 87' lang='lat' dir='ltr'>concito</span> 
     </span>
     <span class='ocr_line' id='line_1_18' title="bbox 455 1006 1088 1048; baseline 0 -11"><span class='ocrx_word' id='word_1_80' title='bbox 455 1007 533 1037; x_wconf 87' lang='lat' dir='ltr'>Alta</span> <span class='ocrx_word' id='word_1_81' title='bbox 556 1009 728 1046; x_wconf 83' lang='lat' dir='ltr'>penetrans</span> <span class='ocrx_word' id='word_1_82' title='bbox 755 1006 881 1038; x_wconf 79' lang='lat' dir='ltr'>ducitur</span> <span class='ocrx_word' id='word_1_83' title='bbox 905 1007 938 1037; x_wconf 91' lang='lat' dir='ltr'>in</span> <span class='ocrx_word' id='word_1_84' title='bbox 963 1006 1088 1048; x_wconf 87' lang='lat' dir='ltr'>spiritu,</span> 
     </span>
     <span class='ocr_line' id='line_1_19' title="bbox 458 1052 1073 1093; baseline 0.002 -9"><span class='ocrx_word' id='word_1_85' title='bbox 458 1052 589 1085; x_wconf 80' lang='lat' dir='ltr'>Sistitur</span> <span class='ocrx_word' id='word_1_86' title='bbox 613 1062 726 1092; x_wconf 80' lang='lat' dir='ltr'>nempe</span> <span class='ocrx_word' id='word_1_87' title='bbox 750 1053 889 1093; x_wconf 87' lang='lat' dir='ltr'>principi</span> <span class='ocrx_word' id='word_1_88' title='bbox 914 1053 1073 1093; x_wconf 77' lang='lat' dir='ltr'>aethereo,</span> 
     </span>
     <span class='ocr_line' id='line_1_20' title="bbox 457 1100 979 1141; baseline -0.002 -8"><span class='ocrx_word' id='word_1_89' title='bbox 457 1100 516 1133; x_wconf 91' lang='lat' dir='ltr'>Cui</span> <span class='ocrx_word' id='word_1_90' title='bbox 541 1100 690 1132; x_wconf 77' lang='lat' dir='ltr'>astabant</span> <span class='ocrx_word' id='word_1_91' title='bbox 713 1100 871 1132; x_wconf 87' lang='lat' dir='ltr'>miliarum</span> <span class='ocrx_word' id='word_1_92' title='bbox 896 1100 979 1141; x_wconf 85' lang='lat' dir='ltr'>legio</span> 
     </span>
     <span class='ocr_line' id='line_1_21' title="bbox 456 1147 1081 1187; baseline 0 -8"><span class='ocrx_word' id='word_1_93' title='bbox 456 1147 699 1179; x_wconf 84' lang='lat' dir='ltr'>Exercitantum</span> <span class='ocrx_word' id='word_1_94' title='bbox 724 1147 774 1179; x_wconf 86' lang='lat' dir='ltr'>illi</span> <span class='ocrx_word' id='word_1_95' title='bbox 799 1148 918 1187; x_wconf 82' lang='lat' dir='ltr'>absque</span> <span class='ocrx_word' id='word_1_96' title='bbox 941 1156 1081 1179; x_wconf 85' lang='lat' dir='ltr'>numere.</span> 
     </span>
    </p>
   </div>
   <div class='ocr_carea' id='block_1_6' title="bbox 397 1203 1230 1434">
    <p class='ocr_par' dir='ltr' id='par_1_8' title="bbox 397 1203 1230 1434">
     <span class='ocr_line' id='line_1_22' title="bbox 397 1203 1159 1246; baseline -0.003 -10"><span class='ocrx_word' id='word_1_97' title='bbox 397 1203 428 1236; x_wconf 89' lang='lat'>8.</span> <span class='ocrx_word' id='word_1_98' title='bbox 455 1204 533 1235; x_wconf 80' lang='lat' dir='ltr'>Mox</span> <span class='ocrx_word' id='word_1_99' title='bbox 557 1207 669 1235; x_wconf 87' lang='lat' dir='ltr'>tonans</span> <span class='ocrx_word' id='word_1_100' title='bbox 692 1205 791 1236; x_wconf 87' lang='lat' dir='ltr'>verba</span> <span class='ocrx_word' id='word_1_101' title='bbox 815 1203 960 1236; x_wconf 87' lang='lat' dir='ltr'>feriendo</span> <span class='ocrx_word' id='word_1_102' title='bbox 986 1203 1159 1246; x_wconf 77' lang='lat' dir='ltr'>conquerit,</span> 
     </span>
     <span class='ocr_line' id='line_1_23' title="bbox 458 1251 1230 1292; baseline -0.003 -8"><span class='ocrx_word' id='word_1_103' title='bbox 458 1251 638 1291; x_wconf 81' lang='lat' dir='ltr'>Christique</span> <span class='ocrx_word' id='word_1_104' title='bbox 662 1259 787 1283; x_wconf 85' lang='lat' dir='ltr'>servum</span> <span class='ocrx_word' id='word_1_105' title='bbox 813 1261 886 1283; x_wconf 85' lang='lat' dir='ltr'>mox</span> <span class='ocrx_word' id='word_1_106' title='bbox 911 1255 947 1283; x_wconf 88' lang='lat' dir='ltr'>ut</span> <span class='ocrx_word' id='word_1_107' title='bbox 972 1259 1041 1282; x_wconf 89' lang='lat' dir='ltr'>esse</span> <span class='ocrx_word' id='word_1_108' title='bbox 1067 1251 1230 1292; x_wconf 85' lang='lat' dir='ltr'>comperit,</span> 
     </span>
     <span class='ocr_line' id='line_1_24' title="bbox 456 1298 1120 1342; baseline -0.002 -12"><span class='ocrx_word' id='word_1_109' title='bbox 456 1298 528 1330; x_wconf 88' lang='lat' dir='ltr'>Non</span> <span class='ocrx_word' id='word_1_110' title='bbox 552 1299 609 1338; x_wconf 85' lang='lat' dir='ltr'>ita,</span> <span class='ocrx_word' id='word_1_111' title='bbox 634 1298 741 1331; x_wconf 81' lang='lat' dir='ltr'>verbis</span> <span class='ocrx_word' id='word_1_112' title='bbox 766 1301 800 1329; x_wconf 91' lang='lat' dir='ltr'>ut</span> <span class='ocrx_word' id='word_1_113' title='bbox 821 1300 968 1336; x_wconf 78' lang='lat' dir='ltr'>testatur,</span> <span class='ocrx_word' id='word_1_114' title='bbox 994 1299 1120 1342; x_wconf 80' lang='lat' dir='ltr'>asserit,</span> 
     </span>
     <span class='ocr_line' id='line_1_25' title="bbox 458 1345 1107 1385; baseline -0.002 -8"><span class='ocrx_word' id='word_1_115' title='bbox 458 1345 572 1377; x_wconf 86' lang='lat' dir='ltr'>Cordis</span> <span class='ocrx_word' id='word_1_116' title='bbox 597 1345 779 1378; x_wconf 87' lang='lat' dir='ltr'>thesaurum</span> <span class='ocrx_word' id='word_1_117' title='bbox 804 1345 975 1378; x_wconf 85' lang='lat' dir='ltr'>iudicando</span> <span class='ocrx_word' id='word_1_118' title='bbox 1001 1345 1107 1385; x_wconf 83' lang='lat' dir='ltr'>aperit</span> 
     </span>
     <span class='ocr_line' id='line_1_26' title="bbox 456 1392 1053 1434; baseline -0.002 -10"><span class='ocrx_word' id='word_1_119' title='bbox 456 1392 701 1434; x_wconf 77' lang='lat' dir='ltr'>Tullianumque</span> <span class='ocrx_word' id='word_1_120' title='bbox 725 1393 882 1425; x_wconf 77' lang='lat' dir='ltr'>veraciter</span> <span class='ocrx_word' id='word_1_121' title='bbox 905 1392 1053 1432; x_wconf 84' lang='lat' dir='ltr'>protulit.</span> 
     </span>
    </p>
   </div>
   <div class='ocr_carea' id='block_1_7' title="bbox 391 1448 1184 1681">
    <p class='ocr_par' dir='ltr' id='par_1_9' title="bbox 391 1448 1184 1681">
     <span class='ocr_line' id='line_1_27' title="bbox 391 1448 1137 1488; baseline -0.003 -7"><span class='ocrx_word' id='word_1_122' title='bbox 391 1450 421 1481; x_wconf 88' lang='lat'>9.</span> <span class='ocrx_word' id='word_1_123' title='bbox 447 1448 591 1481; x_wconf 85' lang='lat' dir='ltr'>Verbera</span> <span class='ocrx_word' id='word_1_124' title='bbox 614 1449 702 1480; x_wconf 85' lang='lat' dir='ltr'>iubet</span> <span class='ocrx_word' id='word_1_125' title='bbox 727 1458 786 1488; x_wconf 90' lang='lat' dir='ltr'>per</span> <span class='ocrx_word' id='word_1_126' title='bbox 809 1448 953 1480; x_wconf 83' lang='lat' dir='ltr'>membra</span> <span class='ocrx_word' id='word_1_127' title='bbox 976 1448 1137 1487; x_wconf 83' lang='lat' dir='ltr'>inducere,</span> 
     </span>
     <span class='ocr_line' id='line_1_28' title="bbox 453 1495 1049 1537; baseline -0.003 -9"><span class='ocrx_word' id='word_1_128' title='bbox 453 1496 587 1535; x_wconf 85' lang='lat' dir='ltr'>Corpori</span> <span class='ocrx_word' id='word_1_129' title='bbox 614 1496 713 1527; x_wconf 84' lang='lat' dir='ltr'>densa</span> <span class='ocrx_word' id='word_1_130' title='bbox 735 1495 863 1535; x_wconf 83' lang='lat' dir='ltr'>flagella</span> <span class='ocrx_word' id='word_1_131' title='bbox 885 1496 1049 1537; x_wconf 79' lang='lat' dir='ltr'>ingerere3</span> 
     </span>
     <span class='ocr_line' id='line_1_29' title="bbox 455 1542 1056 1588; baseline -0.002 -14"><span class='ocrx_word' id='word_1_132' title='bbox 455 1543 596 1588; x_wconf 63' lang='lat' dir='ltr'>Bropere</span> <span class='ocrx_word' id='word_1_133' title='bbox 619 1544 729 1583; x_wconf 65' lang='lat' dir='ltr'>ling-ua</span> <span class='ocrx_word' id='word_1_134' title='bbox 752 1542 904 1575; x_wconf 87' lang='lat' dir='ltr'>ululando</span> <span class='ocrx_word' id='word_1_135' title='bbox 930 1550 1056 1583; x_wconf 85' lang='lat' dir='ltr'>gemere</span> 
     </span>
     <span class='ocr_line' id='line_1_30' title="bbox 456 1589 1184 1630; baseline -0.003 -8"><span class='ocrx_word' id='word_1_136' title='bbox 456 1590 569 1630; x_wconf 82' lang='lat' dir='ltr'>Coepit</span> <span class='ocrx_word' id='word_1_137' title='bbox 592 1591 721 1622; x_wconf 79' lang='lat' dir='ltr'>testari:</span> <span class='ocrx_word' id='word_1_138' title='bbox 750 1590 784 1624; x_wconf 83' lang='lat' dir='ltr'>Si</span> <span class='ocrx_word' id='word_1_139' title='bbox 807 1599 943 1630; x_wconf 84' lang='lat' dir='ltr'>unquam</span> <span class='ocrx_word' id='word_1_140' title='bbox 967 1590 1053 1621; x_wconf 84' lang='lat' dir='ltr'>hunc</span> <span class='ocrx_word' id='word_1_141' title='bbox 1075 1589 1184 1629; x_wconf 83' lang='lat' dir='ltr'>legere</span> 
     </span>
     <span class='ocr_line' id='line_1_31' title="bbox 452 1637 1053 1681; baseline 0.002 -12"><span class='ocrx_word' id='word_1_142' title='bbox 452 1638 558 1669; x_wconf 86' lang='lat' dir='ltr'>Ausus</span> <span class='ocrx_word' id='word_1_143' title='bbox 580 1637 679 1681; x_wconf 88' lang='lat' dir='ltr'>fuero,</span> <span class='ocrx_word' id='word_1_144' title='bbox 705 1641 738 1669; x_wconf 90' lang='lat' dir='ltr'>te</span> <span class='ocrx_word' id='word_1_145' title='bbox 760 1637 884 1677; x_wconf 81' lang='lat' dir='ltr'>negavi.</span> <span class='ocrx_word' id='word_1_146' title='bbox 908 1637 1053 1670; x_wconf 88' lang='lat' dir='ltr'>Domine.</span> 
     </span>
    </p>
   </div>
   <div class='ocr_carea' id='block_1_8' title="bbox 380 1693 1090 1925">
    <p class='ocr_par' dir='ltr' id='par_1_10' title="bbox 380 1693 1090 1925">
     <span class='ocr_line' id='line_1_32' title="bbox 380 1693 1068 1734; baseline -0.003 -8"><span class='ocrx_word' id='word_1_147' title='bbox 380 1695 435 1727; x_wconf 86' lang='lat'>10.</span> <span class='ocrx_word' id='word_1_148' title='bbox 459 1695 550 1726; x_wconf 87' lang='lat' dir='ltr'>Tunc</span> <span class='ocrx_word' id='word_1_149' title='bbox 574 1695 757 1734; x_wconf 85' lang='lat' dir='ltr'>angelorum</span> <span class='ocrx_word' id='word_1_150' title='bbox 783 1694 954 1726; x_wconf 86' lang='lat' dir='ltr'>astantium</span> <span class='ocrx_word' id='word_1_151' title='bbox 979 1693 1068 1724; x_wconf 83' lang='lat' dir='ltr'>milia</span> 
     </span>
     <span class='ocr_line' id='line_1_33' title="bbox 455 1741 1080 1781; baseline -0.003 -8"><span class='ocrx_word' id='word_1_152' title='bbox 455 1741 600 1781; x_wconf 89' lang='lat' dir='ltr'>Supplici</span> <span class='ocrx_word' id='word_1_153' title='bbox 625 1750 721 1781; x_wconf 87' lang='lat' dir='ltr'>prece</span> <span class='ocrx_word' id='word_1_154' title='bbox 744 1741 828 1773; x_wconf 80' lang='lat' dir='ltr'>flexa</span> <span class='ocrx_word' id='word_1_155' title='bbox 852 1744 945 1773; x_wconf 88' lang='lat' dir='ltr'>orant</span> <span class='ocrx_word' id='word_1_156' title='bbox 969 1748 1080 1781; x_wconf 75' lang='lat' dir='ltr'>genua,</span> 
     </span>
     <span class='ocr_line' id='line_1_34' title="bbox 455 1788 1008 1829; baseline -0.007 -8"><span class='ocrx_word' id='word_1_157' title='bbox 455 1789 501 1821; x_wconf 86' lang='lat' dir='ltr'>Ut</span> <span class='ocrx_word' id='word_1_158' title='bbox 524 1789 685 1821; x_wconf 79' lang='lat' dir='ltr'>tribuatur</span> <span class='ocrx_word' id='word_1_159' title='bbox 708 1788 884 1829; x_wconf 84' lang='lat' dir='ltr'>postulanti</span> <span class='ocrx_word' id='word_1_160' title='bbox 903 1788 1008 1822; x_wconf 85' lang='lat' dir='ltr'>venia.</span> 
     </span>
     <span class='ocr_line' id='line_1_35' title="bbox 455 1836 1087 1876; baseline -0.003 -8"><span class='ocrx_word' id='word_1_161' title='bbox 455 1836 571 1876; x_wconf 85' lang='lat' dir='ltr'>Sicque</span> <span class='ocrx_word' id='word_1_162' title='bbox 595 1845 743 1868; x_wconf 85' lang='lat' dir='ltr'>reversus</span> <span class='ocrx_word' id='word_1_163' title='bbox 769 1836 928 1869; x_wconf 81' lang='lat' dir='ltr'>dissecata</span> <span class='ocrx_word' id='word_1_164' title='bbox 953 1844 1087 1875; x_wconf 82' lang='lat' dir='ltr'>corpora</span> 
     </span>
     <span class='ocr_line' id='line_1_36' title="bbox 456 1883 1090 1925; baseline -0.003 -9"><span class='ocrx_word' id='word_1_165' title='bbox 456 1883 585 1916; x_wconf 90' lang='lat' dir='ltr'>Cunctis</span> <span class='ocrx_word' id='word_1_166' title='bbox 611 1884 760 1925; x_wconf 81' lang='lat' dir='ltr'>ostendit,</span> <span class='ocrx_word' id='word_1_167' title='bbox 790 1887 827 1915; x_wconf 90' lang='lat' dir='ltr'>ut</span> <span class='ocrx_word' id='word_1_168' title='bbox 850 1886 939 1925; x_wconf 80' lang='lat' dir='ltr'>gesta</span> <span class='ocrx_word' id='word_1_169' title='bbox 962 1883 1090 1915; x_wconf 79' lang='lat' dir='ltr'>veracia</span> 
     </span>
    </p>
   </div>
   <div class='ocr_carea' id='block_1_9' title="bbox 375 1938 1179 2164">
    <p class='ocr_par' dir='ltr' id='par_1_11' title="bbox 375 1938 1179 2164">
     <span class='ocr_line' id='line_1_37' title="bbox 375 1938 1179 1985; baseline -0.002 -12"><span class='ocrx_word' id='word_1_170' title='bbox 375 1941 431 1974; x_wconf 78' lang='lat'>11.</span> <span class='ocrx_word' id='word_1_171' title='bbox 455 1941 529 1973; x_wconf 81' lang='lat' dir='ltr'>Hoc</span> <span class='ocrx_word' id='word_1_172' title='bbox 550 1940 775 1985; x_wconf 76' lang='lat' dir='ltr'>probarentur,</span> <span class='ocrx_word' id='word_1_173' title='bbox 800 1949 864 1972; x_wconf 87' lang='lat' dir='ltr'>non</span> <span class='ocrx_word' id='word_1_174' title='bbox 889 1939 972 1972; x_wconf 80' lang='lat' dir='ltr'>falsa</span> <span class='ocrx_word' id='word_1_175' title='bbox 996 1938 1179 1978; x_wconf 79' lang='lat' dir='ltr'>somnifera,</span> 
     </span>
     <span class='ocr_line' id='line_1_38' title="bbox 455 1988 1144 2029; baseline -0.001 -9"><span class='ocrx_word' id='word_1_176' title='bbox 455 1988 505 2020; x_wconf 90' lang='lat' dir='ltr'>De</span> <span class='ocrx_word' id='word_1_177' title='bbox 529 1989 642 2028; x_wconf 84' lang='lat' dir='ltr'>quibus</span> <span class='ocrx_word' id='word_1_178' title='bbox 668 1997 764 2029; x_wconf 84' lang='lat' dir='ltr'>saepe</span> <span class='ocrx_word' id='word_1_179' title='bbox 786 1988 962 2029; x_wconf 73' lang='lat' dir='ltr'>illudimur,</span> <span class='ocrx_word' id='word_1_180' title='bbox 987 1988 1144 2028; x_wconf 86' lang='lat' dir='ltr'>improba.</span> 
     </span>
     <span class='ocr_line' id='line_1_39' title="bbox 457 2035 1067 2075; baseline -0.002 -7"><span class='ocrx_word' id='word_1_181' title='bbox 457 2037 573 2075; x_wconf 85' lang='lat' dir='ltr'>Sicque</span> <span class='ocrx_word' id='word_1_182' title='bbox 598 2039 759 2068; x_wconf 84' lang='lat' dir='ltr'>correctus</span> <span class='ocrx_word' id='word_1_183' title='bbox 785 2045 804 2067; x_wconf 90' lang='lat' dir='ltr'>a</span> <span class='ocrx_word' id='word_1_184' title='bbox 832 2036 940 2068; x_wconf 86' lang='lat' dir='ltr'>divina</span> <span class='ocrx_word' id='word_1_185' title='bbox 964 2035 1067 2075; x_wconf 82' lang='lat' dir='ltr'>gloria</span> 
     </span>
     <span class='ocr_line' id='line_1_40' title="bbox 453 2081 1097 2127; baseline -0.002 -12"><span class='ocrx_word' id='word_1_186' title='bbox 453 2083 566 2115; x_wconf 86' lang='lat' dir='ltr'>Ambit</span> <span class='ocrx_word' id='word_1_187' title='bbox 589 2084 766 2126; x_wconf 82' lang='lat' dir='ltr'>praecelsa,</span> <span class='ocrx_word' id='word_1_188' title='bbox 794 2083 953 2127; x_wconf 79' lang='lat' dir='ltr'>caelestia,</span> <span class='ocrx_word' id='word_1_189' title='bbox 983 2081 1097 2115; x_wconf 81' lang='lat' dir='ltr'>deifica</span> 
     </span>
     <span class='ocr_line' id='line_1_41' title="bbox 456 2130 1081 2164; baseline 0 -1"><span class='ocrx_word' id='word_1_190' title='bbox 456 2131 526 2163; x_wconf 87' lang='lat' dir='ltr'>Nec</span> <span class='ocrx_word' id='word_1_191' title='bbox 550 2131 613 2164; x_wconf 79' lang='lat' dir='ltr'>sibi</span> <span class='ocrx_word' id='word_1_192' title='bbox 637 2131 765 2164; x_wconf 87' lang='lat' dir='ltr'>affectat</span> <span class='ocrx_word' id='word_1_193' title='bbox 788 2131 874 2164; x_wconf 86' lang='lat' dir='ltr'>ultra</span> <span class='ocrx_word' id='word_1_194' title='bbox 894 2130 1081 2163; x_wconf 82' lang='lat' dir='ltr'>mundialia.</span> 
     </span>
    </p>
   </div>
   <div class='ocr_carea' id='block_1_10' title="bbox 375 2186 1319 2421">
    <p class='ocr_par' dir='ltr' id='par_1_12' title="bbox 375 2186 1319 2421">
     <span class='ocr_line' id='line_1_42' title="bbox 375 2186 1168 2229; baseline -0.005 -8"><span class='ocrx_word' id='word_1_195' title='bbox 375 2189 429 2221; x_wconf 79' lang='lat'>12,</span> <span class='ocrx_word' id='word_1_196' title='bbox 456 2189 558 2221; x_wconf 89' lang='lat' dir='ltr'>Tanto</span> <span class='ocrx_word' id='word_1_197' title='bbox 586 2189 750 2221; x_wconf 85' lang='lat' dir='ltr'>doctrinae</span> <span class='ocrx_word' id='word_1_198' title='bbox 774 2186 875 2229; x_wconf 84' lang='lat' dir='ltr'>fulget</span> <span class='ocrx_word' id='word_1_199' title='bbox 901 2187 1016 2220; x_wconf 85' lang='lat' dir='ltr'>exhinc</span> <span class='ocrx_word' id='word_1_200' title='bbox 1039 2186 1168 2225; x_wconf 87' lang='lat' dir='ltr'>lumine,</span> 
     </span>
     <span class='ocr_line' id='line_1_43' title="bbox 454 2233 1104 2276; baseline -0.003 -8"><span class='ocrx_word' id='word_1_201' title='bbox 454 2236 556 2269; x_wconf 87' lang='lat' dir='ltr'>Tanto</span> <span class='ocrx_word' id='word_1_202' title='bbox 583 2245 714 2268; x_wconf 87' lang='lat' dir='ltr'>corusco</span> <span class='ocrx_word' id='word_1_203' title='bbox 736 2236 830 2270; x_wconf 90' lang='lat' dir='ltr'>iubar</span> <span class='ocrx_word' id='word_1_204' title='bbox 855 2236 957 2276; x_wconf 88' lang='lat' dir='ltr'>pollet</span> <span class='ocrx_word' id='word_1_205' title='bbox 978 2233 1104 2274; x_wconf 85' lang='lat' dir='ltr'>floride,</span> 
     </span>
     <span class='ocr_line' id='line_1_44' title="bbox 456 2281 1106 2324; baseline -0.005 -8"><span class='ocrx_word' id='word_1_206' title='bbox 456 2284 617 2316; x_wconf 86' lang='lat' dir='ltr'>Instructu</span> <span class='ocrx_word' id='word_1_207' title='bbox 641 2287 678 2316; x_wconf 88' lang='lat' dir='ltr'>ut</span> <span class='ocrx_word' id='word_1_208' title='bbox 701 2293 757 2316; x_wconf 91' lang='lat' dir='ltr'>suo</span> <span class='ocrx_word' id='word_1_209' title='bbox 782 2284 892 2316; x_wconf 83' lang='lat' dir='ltr'>rutilet</span> <span class='ocrx_word' id='word_1_210' title='bbox 921 2281 1106 2324; x_wconf 72' lang='lat' dir='ltr'>esplendide</span> 
     </span>
     <span class='ocr_line' id='line_1_45' title="bbox 457 2326 1319 2372; baseline -0.008 -8"><span class='ocrx_word' id='word_1_211' title='bbox 457 2331 552 2364; x_wconf 89' lang='lat' dir='ltr'>Plebs</span> <span class='ocrx_word' id='word_1_212' title='bbox 580 2330 708 2372; x_wconf 85' lang='lat' dir='ltr'>Christi,</span> <span class='ocrx_word' id='word_1_213' title='bbox 735 2340 816 2372; x_wconf 82' lang='lat' dir='ltr'>quae</span> <span class='ocrx_word' id='word_1_214' title='bbox 841 2334 889 2364; x_wconf 86' lang='lat' dir='ltr'>est</span> <span class='ocrx_word' id='word_1_215' title='bbox 914 2330 1082 2370; x_wconf 82' lang='lat' dir='ltr'>redempta</span> <span class='ocrx_word' id='word_1_216' title='bbox 1104 2338 1124 2360; x_wconf 87' lang='lat' dir='ltr'>a</span> <span class='ocrx_word' id='word_1_217' title='bbox 1148 2326 1319 2368; x_wconf 81' lang='lat' dir='ltr'>sanguine3</span> 
     </span>
     <span class='ocr_line' id='line_1_46' title="bbox 455 2378 1015 2421; baseline -0.005 -9"><span class='ocrx_word' id='word_1_218' title='bbox 455 2380 561 2421; x_wconf 80' lang='lat' dir='ltr'>Ipsius</span> <span class='ocrx_word' id='word_1_219' title='bbox 587 2381 671 2413; x_wconf 81' lang='lat' dir='ltr'>dono</span> <span class='ocrx_word' id='word_1_220' title='bbox 695 2379 792 2412; x_wconf 78' lang='lat' dir='ltr'>refice</span> <span class='ocrx_word' id='word_1_221' title='bbox 815 2389 885 2419; x_wconf 81' lang='lat' dir='ltr'>nos,</span> <span class='ocrx_word' id='word_1_222' title='bbox 910 2378 1015 2419; x_wconf 73' lang='lat' dir='ltr'>hagie.</span> 
     </span>
    </p>
   </div>
  </div>
 </body>
</html>
