1650 2610
702 125 963 161 —151—

448 220 479 251 2.
504 218 623 252 Munus
648 221 709 253 hoc
733 222 854 254 clarum
880 223 941 255 tibi
966 224 1133 257 Scillitana

508 265 627 299 Civitas
651 269 748 309 misit,
776 270 866 302 dedit
891 273 923 302 et
947 271 1074 303 beatum

506 313 637 352 Quando
663 315 803 347 Felicem
828 318 955 357 populis
982 318 1153 350 Gerundae

639 362 732 395 Sorte
758 362 935 397 colendum.

448 422 479 454 3.
504 422 548 454 Hi
574 426 771 463 sequestrato
797 426 909 458 tumuli
936 427 1056 459 honore

505 469 659 509 Proprias
684 472 777 503 sedes
802 473 921 504 adeunt
944 475 1090 515 tuendas,

504 516 704 550 Barcinonae
727 519 780 550 hic
803 520 983 552 celebratur
1003 522 1086 561 aula,

637 565 699 597 nle
725 565 905 601 Gerundae.

447 627 479 656 4.
503 624 590 658 Hinc
615 635 708 657 cruor
733 627 825 658 huius
852 627 1014 661 Cucufatis
1039 629 1115 660 almi

504 671 624 703 Factus
650 676 699 703 est
722 677 851 705 nostrae
875 676 1013 715 regionis
1038 676 1140 719 hereS,

504 718 586 750 1nde
610 719 663 750 hic
686 720 778 751 nobis
803 730 860 752 sua
884 722 1027 754 membra
1050 732 1170 763 ponens

639 766 757 798 Vivere
781 771 934 807 praestat.

448 827 479 859 5.
504 827 569 860 Hic
593 826 658 859 fide
682 828 795 867 plenus
821 829 1016 861 redamando
1043 830 1204 863 Christum

504 873 600 906 Lucis
624 873 776 906 infestum
801 877 924 916 patitur
948 880 1127 917 tyrannum,

503 921 645 961 Moxque
669 922 717 953 bis
742 931 817 954 seno
842 924 957 955 teritur
982 924 1123 956 beandus

636 970 742 1001 Milite
766 972 878 1002 tortus.

444 1032 476 1063 6.
504 1030 611 1063 Caede
635 1039 804 1070 percussus
829 1032 929 1063 nimia
952 1031 1087 1063 furentis

506 1078 636 1109 Viscera
660 1077 742 1109 fudit
769 1079 859 1118 quasi
883 1079 1059 1121 perditura,

505 1125 592 1163 Quae
616 1124 790 1157 reformata
814 1123 930 1165 recipit
952 1126 986 1157 in
1010 1127 1115 1158 alvum

636 1172 740 1205 Sanus
771 1173 812 1204 ad
837 1173 956 1205 horam.

447 1235 477 1266 7.
504 1234 623 1265 Missus
647 1234 681 1265 in
701 1232 835 1265 flammis
859 1234 1007 1273 precibus
1032 1235 1186 1267 minacem

502 1281 590 1321 Ignis
616 1281 735 1313 admoti
760 1281 889 1320 perimit
913 1282 1062 1323 vigorem,

504 1328 555 1359 Ne
579 1328 653 1368 quid
682 1328 816 1360 auderet
839 1329 932 1360 nimis
958 1329 990 1360 in
1015 1329 1108 1360 beato

638 1375 779 1415 Corpore
802 1374 937 1409 flamma.

445 1438 476 1470 8.
505 1437 610 1470 Gratis
635 1437 754 1477 ignitae
778 1435 902 1468 facibus
928 1437 1064 1469 cremari

504 1485 613 1517 Iussus
638 1484 765 1516 ardoris
790 1484 985 1515 nutrimenta
1009 1484 1156 1524 gliscunt,

503 1532 566 1563 Sed
592 1531 671 1563 nihil
699 1531 818 1564 Christi
843 1529 962 1562 famulo
987 1534 1119 1562 nocetur

635 1578 881 1618 Suppliciorum.

445 1642 477 1673 9.
504 1640 646 1673 Sustinet
669 1640 818 1681 posthinc
839 1641 911 1680 pius
936 1640 993 1671 ille
1019 1641 1132 1672 cardos

502 1687 647 1726 Ferreos,
674 1688 707 1719 in
734 1696 768 1718 se
791 1688 936 1720 ferientis
961 1688 1057 1719 ictum

503 1734 617 1774 Sicque
641 1735 739 1766 decisi
765 1735 879 1774 capitis
901 1734 935 1765 in
961 1735 1072 1766 aethra

634 1781 773 1821 Spiritus
797 1780 894 1814 efflat.

423 1844 476 1877 10.
502 1845 571 1877 Iam
594 1842 676 1883 fave,
702 1846 835 1885 martyr,
860 1843 1008 1882 precibus
1035 1843 1184 1875 clientum

502 1892 630 1924 Instrue
655 1893 687 1922 et
712 1891 822 1933 civem,
848 1891 1000 1930 populum
1026 1893 1115 1922 tuere

500 1939 545 1971 Et
569 1938 771 1971 sacerdotum
795 1938 851 1978 pia
877 1939 975 1970 corda
999 1938 1103 1970 mulce

634 1986 727 2019 Pacis
752 1994 870 2018 amore.

420 2044 474 2077 11.
503 2043 643 2076 Crimine
670 2043 800 2083 dempto
825 2042 947 2074 animus
973 2042 1121 2083 virescat,

500 2091 587 2122 Pane
612 2091 741 2122 caelesti
765 2091 917 2122 satiemur
942 2098 1058 2133 omnes,

503 2138 614 2170 Carnis
641 2139 768 2178 elapsae
794 2138 907 2170 vitiata
930 2138 1075 2169 membra

633 2185 771 2226 Spiritus
796 2188 898 2219 ornet.

417 2244 473 2277 12.
499 2243 571 2275 Non
596 2243 724 2275 ruinoso
748 2243 942 2283 perimamur
967 2245 1051 2282 actu,

501 2291 573 2323 Non
600 2291 679 2322 cibis
705 2299 819 2331 corpus
845 2291 995 2330 vitiisque
1020 2297 1176 2329 pressum,

499 2339 570 2371 Non
599 2339 630 2370 in
658 2339 789 2371 occultis
814 2338 937 2371 animus
964 2340 1121 2369 cremetur

628 2387 708 2426 Igne
731 2387 895 2419 malorum.
