1650 2610
354 1924 407 1956 10.

353 2168 406 2199 11.

693 118 946 153 —200—

419 219 476 258 Qui
498 218 547 252 bis
572 215 700 250 novenis
725 213 836 246 annuis
861 209 1041 243 recursibus

420 265 514 306 Spem
540 273 608 295 cum
632 262 786 295 serendae
809 258 909 299 prolis
933 258 964 289 in
991 265 1026 288 se
1047 256 1240 297 ostenderet,

418 313 539 344 Assunt
562 311 718 350 parentes,
744 309 792 340 ire
815 308 948 347 nuptum
973 305 1154 344 suggerunt,

421 361 487 398 (guo
512 357 682 390 liberorum
707 357 794 387 casta
818 353 996 394 procreatio

419 407 505 438 Avos
529 403 661 445 perenni
685 403 884 434 consecraret
905 398 1040 433 nomine,

420 462 494 502 Sed,
521 469 601 501 ecce,
629 459 747 492 Christi
771 466 881 490 servus
905 458 947 489 ad
968 455 1073 488 Deum
1096 453 1188 494 fugit,

420 509 546 548 Septem
573 508 683 539 diebus
707 505 914 545 noctibusque
937 503 1083 544 pervigil,

419 556 501 595 Quid
524 557 594 594 ipse
621 554 716 593 dicat,
741 552 816 594 quid
842 552 931 594 velit,
954 552 1018 583 iam
1041 549 1194 588 consulit;

419 603 522 636 Adest
546 601 631 633 Deus
658 601 772 632 docens
797 598 924 631 fidelem
946 598 1116 639 servulum,

418 649 545 688 iubens,
571 648 682 680 salutis
707 649 839 687 appetat
865 646 1043 678 conubium.

422 705 581 737 Firmatus
606 706 692 737 idem
717 704 839 744 gratiae
863 703 1000 734 oraculis

421 752 529 792 Surgit
555 752 682 791 parenti
708 751 823 783 laetior
848 749 1068 792 consentien53

420 799 472 832 Ex
496 807 584 830 more
610 800 696 838 virgo
721 802 797 830 tunc
819 797 927 838 puella
952 797 1125 837 quaeritur,

421 846 498 879 Mox
522 846 676 878 Basilissa
701 847 787 877 sorte
810 845 885 876 huic
910 844 1129 884 desponditur,

421 893 526 925 Decus
551 892 659 925 decori
681 901 810 932 compar
832 893 884 925 hic
904 891 1092 931 adiungitur,

390 976 396 982 .
422 949 526 982 Adest
550 952 581 980 et
603 950 673 989 ipse
696 948 875 989 nuptiarum
901 949 963 979 iam
991 947 1068 986 dies,

421 996 520 1028 Urbis
545 999 657 1027 vocata
681 996 849 1027 multitudo
876 994 1032 1033 convenit,

424 1043 536 1075 Plebes
562 1043 684 1074 vicinae
710 1042 870 1074 civitatum
897 1041 1057 1073 confluunt

422 1089 554 1121 Urbana
576 1090 679 1122 laetae
705 1090 904 1121 concinentes
938 1088 1070 1128 cantica,

423 1136 541 1169 Amore
566 1138 668 1168 carnis
692 1139 930 1176 perstrepentes
960 1135 1113 1176 cymbala.

387 1216 394 1222 .
422 1192 546 1232 Sparsis
574 1202 719 1225 sonorum
742 1193 870 1225 musicis
896 1192 1099 1225 concentibus

420 1240 524 1272 Melos
543 1248 603 1278 per
628 1249 751 1273 omnem
777 1240 937 1272 civitatem
960 1241 1121 1280 personat,

424 1286 524 1318 Cantu
548 1296 662 1319 sonora
687 1288 921 1327 concrepabant
945 1296 1073 1327 organa,

422 1334 527 1373 Lyrae
551 1336 727 1374 strepentes
753 1334 930 1367 tinniebant
954 1334 1135 1371 chordulae,

427 1380 518 1412 Cavis
543 1381 668 1420 plateae
690 1382 935 1421 perstrepebant
959 1381 1099 1413 citharis.

391 1462 398 1468 .
425 1436 488 1468 Sed
512 1437 591 1469 haec
614 1438 724 1469 beatus
749 1438 886 1479 gestiens
912 1441 1113 1469 contemnere

425 1483 566 1515 Mentem
591 1483 716 1515 futurae
739 1487 911 1524 praeparat
936 1484 1107 1526 victoriae3

425 1530 475 1562 Ac
498 1531 567 1569 ipse
591 1531 692 1562 victor
716 1531 837 1563 tradita
865 1541 933 1563 cum
958 1531 1081 1572 virgine

425 1577 530 1609 Intrat.
554 1581 711 1609 sacratum
735 1579 797 1610 iam
823 1579 885 1611 tori
913 1579 1100 1619 cubiculum,

427 1624 498 1656 Illic
520 1624 654 1657 reclines
681 1628 869 1658 contuentur
893 1635 965 1657 mox
989 1626 1102 1658 Deum.

395 1706 401 1712 .
428 1680 490 1712 Sed
514 1680 618 1720 prima
641 1681 731 1721 virgo
760 1681 843 1714 dona
865 1683 962 1714 sentit
985 1691 1161 1722 munerum,

407 1727 546 1765 'Quibus
572 1728 664 1760 beato
689 1738 761 1761 mox
788 1729 895 1761 odoris
922 1733 1050 1763 nectare

427 1774 502 1805 Tori
529 1773 635 1807 refusa
658 1775 722 1807 iam
746 1779 871 1809 sacrata
895 1777 1116 1819 horresceret3

427 1821 511 1854 Hinc
535 1821 740 1855 fundamenta
765 1825 1008 1857 contremiscunt
1032 1825 1152 1867 lectuli,

428 1867 472 1899 Et
494 1869 564 1900 luce
591 1870 678 1901 clara
701 1870 892 1903 innovantur
917 1872 1064 1906 caelibes.

432 1923 569 1964 Fulgore
592 1926 737 1965 posthinc
761 1931 931 1966 praeeunte
955 1929 1138 1968 lampadum

430 1970 500 2002 Rex
526 1971 669 2003 Christus
691 1973 755 2004 illis
778 1974 849 2005 luce
874 1975 960 2007 clara
985 1977 1163 2008 ostenditur

432 2016 527 2048 Obori
550 2019 731 2057 angelorum
752 2021 805 2051 vel
830 2031 991 2054 sacrarum
1017 2024 1195 2064 virginum3

434 2063 509 2094 Visu
533 2064 644 2096 salutis
668 2066 829 2099 intuentur
856 2071 976 2112 cernui,

431 2110 499 2143 Iam
524 2114 599 2143 tunc
623 2111 780 2153 foventur,
805 2117 881 2147 tunc
906 2117 1058 2149 docentur
1083 2119 1231 2158 amplius.

432 2166 503 2199 Hoc
527 2171 725 2201 sacrosancto
751 2172 913 2209 provocati
939 2183 1068 2205 munere

431 2214 607 2254 Iunguntur
632 2215 722 2247 ambo
748 2218 908 2251 iunctione
932 2221 1065 2260 spiritus

432 2261 478 2294 Et
503 2262 605 2294 carnis
630 2265 734 2294 actum
759 2266 936 2299 nescientes
960 2267 1116 2301 lubricum

434 2308 555 2341 Tenent
581 2309 707 2342 beatum
731 2311 866 2344 caelibes
895 2316 1072 2356 conubium,

435 2359 500 2395 Quo
524 2357 685 2397 spiritales
708 2357 871 2397 proferant
897 2366 1007 2401 partus
1031 2364 1111 2398 Deo.
