1650 2610
377 1940 432 1972 10,

374 2188 428 2221 11.

664 121 917 157 —237—

427 239 435 246 .
463 215 513 247 Dc
542 225 597 248 ore
622 218 724 250 sancti
748 218 918 251 multitudo
944 219 1082 259 plebium

463 263 641 304 Praecepta
667 265 786 298 Christi
810 266 975 298 audientes
999 267 1162 306 inquiunt:

462 310 512 342 Sit
536 313 629 352 turpe
653 312 755 353 nobis,
779 313 931 345 hactenus
957 314 1039 354 quod
1065 314 1198 346 viximus

463 358 721 399 Obtemperando
746 361 893 400 pessimis
919 361 1117 403 pan-entibus„

464 404 624 438 Christum
649 415 826 449 sequamur,
853 408 1087 447 redemptorem
1113 408 1260 440 omnium.

461 460 658 505 Sebastiam,
683 466 793 495 sancte
816 467 926 497 noster
948 465 1090 505 vernule,

460 508 527 541 Nos
554 510 641 550 doce,
668 509 751 551 fove,
777 510 919 551 guberna
943 515 974 543 et
997 514 1138 552 protege,

461 556 515 588 Ad
539 557 721 595 passionem
745 558 881 598 qualiter
905 559 1143 598 promptissima

464 603 579 635 Venire
603 607 709 636 mente
735 605 904 637 debeamus
929 607 1053 638 naviter

460 650 505 681 Et
528 648 656 682 fortiter
681 652 840 684 crudelem
867 653 987 684 hostem
1013 653 1148 686 vincere.

431 730 438 737 .
464 706 558 737 Fecit
582 707 693 739 beatus
719 708 801 739 sicut
823 709 871 740 illi
894 710 1063 751 iusserant,

460 753 602 785 Terrena
627 758 739 786 cuncta
764 765 836 787 mox
860 756 950 788 iubet
974 758 1171 796 relinquer03

460 800 512 832 Ex
537 803 604 832 toto
631 803 727 834 corde
752 802 801 833 illi
826 802 908 834 sicut
932 805 1075 836 stercora

462 847 620 880 Temnunt
646 849 776 889 caduca,
801 849 876 881 ilico
902 853 934 881 et
957 854 1120 891 respuunt,

464 897 667 935 Appeterent
691 897 776 928 vitae
800 900 835 928 ut
860 895 968 929 futura
991 897 1116 937 gaudia.

426 975 434 983 .
460 951 650 984 Parentibus
677 962 745 984 cum
772 953 951 985 nuntiatum
976 954 1121 994 protinus

460 998 566 1039 Esset,
592 1000 701 1032 venire
725 1002 846 1040 magnis
873 1009 943 1032 cum
967 1001 1162 1042 gurgitibus:

460 1046 541 1085 Quid
568 1047 656 1080 vobis
682 1048 740 1079 filii
764 1048 896 1087 contigit
921 1049 1084 1087 carissimi,

464 1093 612 1125 Perdatis
638 1097 674 1125 ut
697 1096 807 1127 mundi
833 1095 972 1127 iucunda
997 1098 1029 1127 et
1053 1096 1173 1135 optima

460 1140 505 1172 Et
529 1142 660 1173 tenditis
686 1144 727 1174 ad
752 1146 885 1174 mortem
910 1143 994 1174 ultro
1019 1146 1187 1182 pessimam
1197 1142 1212 1172 ’κ

428 1223 435 1229 .
464 1197 606 1237 Coepere
629 1200 730 1230 sancti
755 1199 797 1230 ad
825 1199 965 1231 dolorem
990 1198 1119 1231 flectere

461 1246 533 1284 Cor,
561 1246 602 1277 ad
627 1248 796 1286 parentum
820 1246 919 1278 verba
944 1248 1157 1284 emollescere,

462 1292 527 1324 Sed
550 1302 624 1325 mox
650 1294 807 1332 praedicti
832 1296 990 1335 martyres
1019 1293 1122 1326 effecti
1146 1295 1229 1331 sunt,

463 1339 720 1372 Corroborantur
743 1341 842 1373 nimia
867 1342 1045 1373 constantia

464 1388 518 1419 Ad
542 1387 738 1427 perferenda
760 1390 921 1421 tormenta
944 1388 1074 1422 atrocia.

461 1444 559 1476 Vobis
584 1446 646 1476 iam
673 1445 759 1477 Deus
785 1446 897 1485 pandit
923 1446 989 1485 poli
1013 1446 1151 1483 ianuam,

461 1492 515 1524 Ad
539 1492 628 1524 illam
652 1497 690 1524 ut
712 1493 823 1524 venire
846 1496 988 1524 sanctam
1012 1493 1149 1533 patriam

459 1539 602 1580 Possitis,
628 1540 661 1571 in
688 1549 750 1580 qua
774 1540 863 1572 nulla
886 1550 980 1576 morsv
1007 1541 1065 1572 sed
1090 1540 1239 1580 gaudium

458 1587 604 1619 Perenne
628 1590 723 1627 atque
747 1597 862 1628 magna
886 1592 932 1619 est
956 1588 1146 1628 iucunditas,

460 1633 595 1666 Gustate
621 1638 653 1665 et
676 1635 793 1675 videte,
818 1644 910 1675 quam
938 1636 1044 1667 suavis
1070 1638 1118 1666 est
1143 1634 1237 1667 Deus.

427 1715 434 1721 .
459 1691 494 1723 Si
518 1691 789 1731 pulchritudinem
816 1693 982 1724 domorum
1006 1692 1171 1732 quaeritis,

457 1739 600 1770 Aeterna
625 1738 736 1770 civitas
763 1739 860 1771 habet
883 1739 1033 1779 pulchras
1061 1739 1169 1771 «tomos

458 1785 641 1825 Multasque
665 1786 845 1818 mansiones
870 1787 903 1818 in
930 1786 1130 1829 caelestibus,

456 1832 501 1864 Et
525 1834 708 1873 angelorum
733 1833 777 1865 ibi
803 1834 922 1874 absque
946 1834 1080 1874 syllabis

457 1880 521 1912 Ter
545 1883 689 1913 sanctum
715 1881 855 1914 clamans
879 1882 1050 1915 multitudo
1074 1882 1196 1915 iubilat.

457 1939 512 1971 Ad
537 1939 661 1971 laudem
689 1939 757 1971 illic
777 1939 861 1980 regis
886 1942 1001 1972 sonant
1025 1948 1153 1983 organa,

458 1987 676 2027 Fraglantque
702 1988 805 2027 campi
830 1988 926 2019 variis
952 1986 1112 2028 odoribus,

455 2034 585 2066 Emicat
607 2034 700 2066 iubar
725 2034 844 2075 absque
868 2036 942 2067 ullis
967 2035 1143 2075 umbribus,

459 2082 620 2114 Serenitas
645 2082 692 2114 ibi
717 2085 766 2114 est,
789 2083 909 2123 absque
932 2083 1052 2127 nubilo⁷

456 2130 500 2161 Et
525 2131 752 2170 sempiternum
779 2131 885 2163 lumen
909 2131 954 2163 ibi
980 2134 1029 2162 est
1052 2130 1150 2163 Deus.

456 2188 556 2227 Quam
580 2197 695 2228 magna
719 2188 890 2221 multitudo
916 2190 963 2220 est
990 2188 1167 2220 dulcedinis

455 2236 552 2275 Tuae,
578 2235 675 2276 Deus,
702 2244 796 2277 quam
820 2239 853 2268 te
877 2236 1061 2268 timentibus
1088 2236 1171 2266 celas

454 2284 498 2316 Et
524 2283 690 2324 perfecisti
714 2284 810 2317 valde
835 2284 1050 2325 diligentibus,

454 2331 644 2372 Donumque
668 2332 791 2372 gratiae
815 2335 889 2364 tuae
913 2331 1096 2372 petentibus

452 2380 562 2412 Donas
589 2383 619 2412 et
645 2380 886 2421 indulgentiam,
915 2379 1068 2420 piissime.
