1650 2610
431 565 516 603 III.
558 565 839 612 Proprium
865 565 930 603 de
959 565 1184 604 Sanctis.

551 666 592 697 81.
623 666 659 697 In
679 667 899 699 purificatione
920 667 952 699 Β.
971 668 1009 699 Μ.
1032 668 1065 697 V.

701 743 749 772 Ad
768 743 924 781 Vesperas.

166 813 198 845 1.
225 811 323 844 Sacer
346 812 586 852 puritatum
613 812 680 844 dies
853 813 885 845 3.
912 813 994 845 Inde
1018 812 1144 844 Simeon
1172 813 1369 852 grandaevus

273 859 447 892 hodiernus
473 859 595 899 rutilat,
960 869 1057 892 ovans
1081 860 1164 892 ulnis
1190 860 1308 900 accipit

225 907 294 946 Quo
311 907 487 939 seeundum
497 915 625 938 earnem
638 906 784 939 Christus
912 908 1172 947 Amplexansque
1197 907 1287 940 videt
1309 909 1410 939 laetus

273 954 404 994 templ
416 963 433 986 o
452 954 615 987 Simeon
633 954 782 994 traditur,
959 956 1101 986 salutare
1124 954 1271 987 Domini:

226 1001 327 1043 Patri,
351 1010 415 1033 non
440 997 621 1042 adoptione,
912 1002 1049 1034 Resolve
1073 1003 1134 1034 iam
1161 1011 1245 1034 nune
1268 1003 1301 1034 in
1325 1011 1392 1042 pac:

275 1051 460 1081 coaeternus
485 1057 613 1088 genere.
960 1052 1048 1080 artus
1072 1050 1150 1081 istos
1178 1050 1310 1082 debiles.

171 1117 202 1147 2.
230 1114 352 1155 Spiritu
379 1114 554 1155 completur
579 1115 668 1148 alvus
852 1117 885 1149 4.
912 1115 975 1147 Sed
1001 1124 1061 1147 nee
1085 1115 1143 1147 illa
1166 1115 1271 1155 impar
1295 1117 1390 1148 Anna

278 1163 484 1202 incorruptae
508 1162 650 1202 virginis,
961 1162 1156 1195 continentia
1180 1163 1340 1204 gradiens,

230 1210 363 1242 Pariens
386 1218 466 1249 quae
490 1210 608 1241 mansit
632 1209 756 1241 caelebs
912 1211 1012 1250 Quam
1036 1210 1070 1241 in
1095 1208 1174 1242 flore
1199 1211 1372 1243 iuventutis

276 1258 429 1297 virgoque
452 1265 628 1297 puerpera3
962 1257 1099 1289 coniunx
1122 1258 1321 1300 viduaverat,

228 1305 391 1338 illibatam
422 1305 614 1344 genetricem
914 1305 1100 1344 vagientem
1131 1304 1298 1337 confitntur

276 1352 384 1391 proles
411 1355 499 1384 casta
524 1351 622 1391 eligit.
960 1350 1029 1383 fore
1052 1352 1163 1384 mundi
1186 1352 1373 1392 prinoipem.

522 1411 555 1443 5.
580 1408 772 1441 Veneranda
795 1410 871 1440 tunc
895 1417 934 1440 ex
958 1408 1029 1449 lege

628 1455 802 1488 offeruntur
825 1464 959 1488 munera

579 1504 751 1536 Turturum
777 1503 1054 1544 columbarumque

627 1550 704 1584 bina
727 1551 760 1582 in
782 1550 949 1592 sacrificia,

583 1598 734 1639 Corporis
759 1607 840 1639 quae
864 1599 1049 1639 animaeque

628 1647 801 1686 puritatem
827 1647 971 1679 doceant.

269 1720 395 1759 ;p(Str0
396 1720 434 1749 he
451 1720 469 1749 5
488 1721 564 1749 auch
582 1721 640 1749 MT
659 1719 782 1755 111-ΜΟ).
805 1735 842 1739 —
862 1720 1081 1748 Vorstehender
1095 1720 1231 1755 Hymnus
1253 1719 1340 1748 deekt
1358 1720 1422 1747 sich
1442 1721 1473 1747 in

157 1759 215 1788 Str.
238 1743 325 1794 1—4,
354 1760 520 1796 abgesehen
545 1768 605 1786 von
629 1759 685 1786 den
705 1761 875 1795 gesperrten
893 1759 1019 1786 Worten
1037 1759 1070 1786 in
1089 1757 1176 1794 Strop
1178 1757 1215 1786 he
1238 1757 1473 1794 1,v0112t5ndig

157 1799 214 1826 mit
242 1797 307 1825 dem
334 1798 385 1833 Hy
386 1806 470 1826 mnus
500 1797 608 1834 „Sacei
635 1799 804 1825 octavaium
836 1794 932 1830 dies“,
968 1797 1032 1825 dem
1059 1806 1089 1824 er
1116 1795 1360 1825 wahrscheinlieh
1384 1796 1473 1824 naeh-

157 1835 289 1873 gebildet
309 1836 416 1864 wurde.
456 1818 514 1863 Es„
517 1837 653 1872 geniigen
673 1834 762 1863 daher
783 1835 831 1863 die
853 1817 1016 1862 Vari⁷anten
1034 1844 1071 1862 zu
1093 1834 1158 1863 Stro
1162 1834 1218 1871 phe
1238 1834 1271 1862 5·
1297 1832 1369 1869 5,1
1389 1835 1474 1862 Tunc

157 1874 327 1902 veneranda
353 1874 423 1908 MT,
450 1873 519 1907 MC,
546 1874 583 1902 X.
604 1888 642 1894 -υ
662 1871 693 1907 5,
714 1871 735 1901 4
758 1873 901 1902 sacrificio
928 1873 965 1901 X.
994 1888 1032 1894 —-
1057 1871 1090 1910 5,
1111 1870 1129 1900 5
1156 1874 1239 1907 Quae
1258 1855 1389 1909 corp⁷oris
1407 1872 1474 1908 MT,

156 1912 221 1947 MC,
242 1913 279 1941 X.
296 1928 333 1933 —-
348 1910 374 1946 5,
389 1911 406 1940 6
416 1894 545 1940 doceret
555 1913 620 1948 MT,
641 1912 712 1948 Mc·
734 1911 872 1939 docerent
889 1912 927 1939 X.
940 1912 1047 1939 *Die
1059 1894 1258 1948 Anderungen
1277 1911 1471 1944 bezwoekten,

158 1950 215 1979 <len
234 1950 289 1986 rhy
291 1951 454 1979 thmisehen
473 1951 585 1979 Aooent
604 1952 659 1979 mit
678 1951 742 1979 dem
759 1950 948 1978 Wortaceent
967 1951 999 1977 in
1011 1950 1165 1986 Einklang
1178 1959 1215 1977 zu
1231 1950 1333 1985 bring
1326 1958 1369 1984 n;
1388 1931 1475 1977 dabo}

157 1991 199 2017 ist
217 1960 334 2017 freiylich
353 1987 402 2017 die
421 1988 531 2017 Gefahr
550 1989 730 2025 vorhanden,
752 1989 803 2017 das
823 1988 1057 2024 Urspriingliehe
1077 1987 1234 2017 verwischt
1253 1996 1290 2016 zu
1310 1970 1415 2015 hab’en.

158 2027 216 2057 cfr
229 2027 332 2063 Migne
351 2024 713 2063 86‚1088;s.V01-wort
732 2026 762 2054 S.
782 2024 828 2055 46.

538 2119 585 2151 82.
614 2119 650 2151 In
668 2117 913 2151 Annuntiatione
932 2119 964 2150 B.
984 2118 1021 2150 M.
1041 2119 1077 2151 V.

674 2187 699 2217 Ι.
727 2187 775 2216 Ad
794 2186 951 2225 Vesperas.

174 2251 208 2284 1.
234 2248 266 2285 A
291 2249 368 2283 solis
394 2250 483 2281 ortus
510 2247 641 2280 cardine
862 2251 895 2282 2.
921 2245 1042 2282 Beatus
1067 2248 1179 2280 auctor
1203 2245 1322 2278 saeculi

232 2298 276 2331 Et
300 2306 402 2338 usque
424 2298 531 2328 terrae
555 2294 689 2328 limitem
920 2296 1044 2328 Servile
1070 2304 1184 2335 corpus
1206 2293 1321 2333 induit,

234 2346 398 2380 Christum
426 2353 575 2377 canamus
600 2343 790 2385 principem,
921 2345 968 2378 Ut
993 2352 1066 2375 caro
1093 2350 1221 2375 carnem
1240 2340 1381 2373 liberans

231 2393 352 2427 Natum
374 2393 501 2427 Mariae
524 2392 668 2432 virginis.
922 2392 996 2423 Non
1019 2391 1190 2433 perderet,
1216 2397 1295 2429 quos
1320 2388 1475 2423 condidit.
