1650 2610
716 119 974 155 —227—

548 219 609 252 160.
641 222 677 254 In
697 231 735 254 ss.
757 221 918 254 Nunilonis
941 223 972 254 et
991 222 1141 255 Allediae.

204 290 234 324 1.
260 289 397 322 Restant
412 299 497 321 nunc
520 291 560 322 ad
585 291 704 324 Christi
721 292 817 325 fidem

311 337 439 368 virtutis
463 337 608 378 insignia,

265 384 352 423 Quae
377 387 559 416 sanctorum
584 386 646 417 rite
670 387 795 426 possint

311 431 437 471 assequi
461 432 641 473 praeconia,

265 479 353 517 Quae
376 479 468 510 unius
494 477 569 510 festi
595 479 647 512 die

314 525 515 558 celebrantur
540 527 651 567 gloria,

206 603 236 633 2.
263 602 385 633 Assunt
409 610 524 642 nempe
548 603 726 634 sanctitatis

309 648 426 680 nobilis
448 649 620 688 prosapiae

262 695 381 727 Nunilo
405 695 560 734 siquidem
588 696 675 735 virgo

309 745 482 781 sanctaque
502 742 643 783 Allodia,

263 790 350 828 Quae
375 789 498 820 clarent
522 790 731 828 germanitate

312 837 496 876 clarentque
519 837 684 876 martyrio.

204 914 235 945 3.
263 912 350 950 Quae
374 911 487 943 ambae
510 912 545 943 in
568 912 706 944 ineuntis

308 962 413 990 aetate
435 957 592 990 infantiae

264 1006 426 1045 Martyres
449 1006 528 1045 Deo,
556 1014 637 1045 quae
661 1006 725 1038 fide

313 1053 505 1085 delitescunt
530 1053 646 1092 domui,

262 1100 326 1133 Sed
355 1099 473 1132 Christi
499 1108 653 1132 accensae
675 1101 749 1140 igne

311 1148 491 1179 enitescunt
515 1147 661 1181 caelibes„

199 1226 232 1257 4.
260 1224 350 1256 Tune
377 1223 493 1255 deinde
517 1221 680 1256 functione

310 1271 474 1302 cuiusdam
498 1270 678 1311 versipellis

261 1318 472 1359 impelluntur
496 1317 538 1349 ad
565 1321 768 1357 conspectum

305 1365 464 1405 praesidis
481 1365 641 1404 tyrannici

259 1413 352 1444 Vitae
375 1421 517 1444 normam
545 1410 730 1444 confitentes

305 1459 471 1491 christiani
497 1459 664 1499 dogmatis.

200 1538 232 1569 5.
259 1535 409 1567 Protinus
434 1535 502 1574 regi
527 1535 652 1567 delatae

306 1582 527 1622 perducuntur
551 1582 674 1621 pariter

258 1630 357 1663 Urbis
383 1630 485 1662 Oscae
508 1629 693 1661 assistentes

302 1677 457 1718 principis
481 1678 674 1719 praesentia,

258 1725 345 1764 Quae
368 1725 583 1764 interrogatae
605 1725 677 1763 pari

306 1771 466 1804 Christum
491 1779 569 1803 voce
595 1771 760 1803 clamitant

201 1853 232 1881 (3.
259 1848 338 1881 Ilico
364 1847 535 1879 traduntur
557 1847 660 1880 almae

304 1896 451 1935 privatae
476 1895 649 1936 custodiae,

256 1943 322 1976 Ubi
347 1944 459 1983 quater
485 1944 601 1975 denum
625 1946 750 1985 tempus

304 1991 427 2023 dierum
454 1990 628 2022 instantiae

254 2039 423 2079 Respuunt
445 2038 684 2081 promissiones,

298 2088 452 2126 respuunt
475 2086 642 2126 supplicia.

911 294 947 326 7.·

888 1243 941 1277 10.

885 1850 938 1883 12.

969 293 1035 325 Sed
1059 294 1194 325 vinculis
1218 293 1419 332 mancipatae

1019 340 1141 372 dierum
1166 341 1300 372 articulo

968 386 1041 419 Non
1077 390 1202 420 cessant
1232 387 1391 420 Christum
1424 395 1497 426 pre-

1271 436 1389 474 cantes,

1016 484 1053 512 ut
1075 482 1141 514 illis
1167 482 1344 513 constantia

968 529 1130 561 Passionis
1155 532 1251 569 atque
1274 529 1384 560 mortis

1015 576 1188 616 largiretur
1212 576 1308 615 optio.

967 642 1069 681 Igitur
1094 642 1251 683 completa
1277 642 1344 673 dies

1015 689 1125 721 illuxit
1149 688 1294 730 feliciter,

970 735 1222 776 Comproductae
1245 735 1465 776 producuntur

1015 782 1057 813 ad
1082 782 1186 815 forum
1210 782 1394 824 perniciter,

969 828 1024 860 Sic
1048 838 1083 860 se
1108 830 1200 862 ambo
1226 830 1428 861 exhortantes

1016 875 1058 907 ad
1083 877 1222 916 palmam
1245 876 1400 915 martyrii.

970 942 1116 974 Pereitus
1141 942 1236 973 lictor
1260 942 1429 973 ostendens

1018 987 1231 1029 fulgurantem
1256 989 1406 1030 gladium,

970 1035 1046 1075 Ubi,
1074 1045 1144 1067 cum
1168 1036 1295 1075 prosilit
1318 1036 1420 1076 primo

1017 1082 1135 1115 Nunilo
1158 1083 1368 1122 sanctissima,

970 1130 1066 1162 Crine
1089 1130 1151 1161 sibi
1173 1130 1297 1170 illigata

1015 1185 1166 1216 percussa
1190 1177 1412 1217 prosternitur.

969 1243 1059 1281 Quod
1079 1252 1211 1275 cernens
1229 1252 1380 1283 germana
1395 1243 1498 1274 virtus

1016 1292 1162 1329 protinus
1187 1290 1319 1322 Allodia

967 1337 1099 1377 Excipit
1123 1336 1207 1369 flexa
1232 1338 1356 1369 cervice

1013 1385 1227 1416 imminentem
1250 1384 1400 1424 gladium,

967 1432 1081 1471 Sieque
1106 1432 1219 1464 ambae
1240 1432 1402 1463 laureatas·

1012 1479 1231 1519 provehuntur
1255 1479 1404 1512 aetheris.

884 1546 938 1578 11.
963 1545 1043 1577 Inde
1067 1547 1153 1577 tuam
1179 1553 1296 1584 omnes,
1322 1547 1440 1584 sancte,

1012 1591 1192 1632 flagitamus
1216 1593 1359 1634 gratiam,

967 1640 1013 1673 Ut
1036 1648 1142 1673 earum
1167 1641 1349 1672 interventu

1016 1687 1217 1719 dimittantur
1241 1687 1381 1729 erimina,

967 1734 1106 1775 vitaque
1129 1734 1307 1766 feliciorum

1015 1782 1176 1821 potiamur
1201 1782 1325 1822 gaudia.

966 1849 1083 1882 Procul
1106 1850 1149 1881 sit
1173 1858 1193 1881 a
1218 1850 1314 1881 corde
1339 1848 1440 1890 dolus,

1013 1896 1153 1936 pellatur
1176 1897 1319 1936 lascivia,

968 1944 1119 1977 Caritatis
1145 1953 1252 1976 omnes
1277 1953 1339 1976 uno

1015 1996 1216 2024 conectamur
1240 1992 1376 2034 vinculo,

966 2040 1033 2079 Quo
1061 2041 1226 2080 charisma,
1255 2040 1339 2072 (lona
1360 2040 1463 2073 sancti

1011 2087 1215 2127 perfruamur
1238 2088 1380 2127 spiritus.

536 2154 591 2187 13.
619 2154 730 2187 Gloria
753 2155 840 2196 patri
864 2157 1004 2195 natoque

666 2211 792 2243 semper
817 2206 850 2235 et
872 2203 1039 2247 paraclite,

617 2249 715 2290 Laus,
742 2253 884 2291 potestas
909 2254 1006 2291 atque
1030 2251 1132 2283 virtus

667 2299 841 2338 gratiarum
868 2299 969 2340 copia,

622 2346 719 2385 Quem
736 2347 839 2379 Deum
867 2349 980 2379 cuncta
1000 2346 1142 2379 fatentur

671 2396 869 2428 saeculorum
894 2395 1029 2428 saecula.

1265 2448 1324 2479 15*
