1650 2610
656 112 890 148 ,83-

476 204 524 236 29.
555 204 715 237 Dominica
734 206 763 237 4.
787 205 1059 248 Quadragesimac.

658 283 706 313 Ad
727 283 882 321 Vesperas.

344 348 375 382 1.
401 349 541 382 Verbum
566 352 679 393 patriS,
706 353 790 393 quod
814 352 935 394 prodiit
959 351 1079 385 factum
1105 361 1187 394 caro,

399 397 510 439 Agnus
534 398 597 431 Dei
616 402 751 439 peecata
772 400 882 433 mundi
907 398 1065 441 auferens,

399 445 454 478 Ad
479 448 511 477 te
535 446 678 478 venimus
703 447 822 488 cernui,
847 450 883 479 ut
906 448 1050 479 inclitum

401 491 554 525 Bibamus
579 493 682 526 almae
701 495 858 534 passionis
883 495 1077 535 sanguinem.

346 560 377 591 2.
403 559 545 591 Ostende
571 560 734 592 vulnerum
758 569 921 593 sacrorum
945 561 1102 601 stigmata,

401 605 565 646 Exsurgat
589 607 721 647 insignis
747 612 851 640 crucis
875 607 1083 640 fortissimum

399 652 540 693 Signum,
567 655 652 693 quod
676 654 710 686 in
732 655 841 695 vigore
862 656 1020 696 perpetim
1043 663 1175 687 manens

403 700 615 733 Credentibus
642 701 852 734 salvationem
878 701 1031 735 conferat.

344 766 376 798 3.
402 765 550 806 Arundo,
578 767 670 807 clavi,
696 771 801 809 sputa,
826 772 921 809 potus
944 776 1099 811 murreu5,

401 812 525 845 Corona
549 814 725 856 spinarum,
750 813 888 857 flagella,
913 816 1026 847 lancea

400 860 563 900 Impressa
586 865 661 894 sunt
686 862 897 895 damnationis
922 863 1074 902 verbere;

398 907 469 940 Iam
493 912 604 941 nostra
636 919 695 950 pro
727 909 778 942 his
811 912 923 942 cuncta
949 910 1020 942 dele
1053 909 1194 943 crimina.

345 975 378 1007 4.
404 974 492 1006 Fons
517 976 658 1008 vulneris
685 977 768 1008 sacri
793 976 877 1017 riget
900 976 1099 1018 praecordia,

400 1021 506 1055 Lavet
531 1031 624 1055 cruor
646 1023 787 1055 malitiae
813 1025 970 1065 contagia,

402 1068 451 1100 Sit
476 1070 543 1101 vita
565 1079 719 1110 praesens
744 1071 864 1111 absque
889 1071 974 1103 omni
1000 1070 1140 1110 crimine,

400 1115 525 1150 Futura
551 1117 645 1149 detur
668 1118 702 1149 in
727 1117 821 1152 beato
846 1127 996 1162 munere3

346 1184 376 1215 5.
402 1183 450 1216 Ut
474 1192 545 1215 cum
570 1184 759 1224 resurgendi
785 1185 853 1217 dies
878 1184 1031 1216 effulserit

402 1230 542 1271 Orbique
566 1233 656 1272 regni
683 1232 812 1264 claritas
835 1232 989 1273 illuxerit,

401 1277 578 1319 Sequamur
602 1280 740 1311 aetheris
765 1280 859 1320 viam,
886 1287 967 1319 quae
991 1287 1048 1310 nos
1073 1278 1181 1311 trahat

399 1326 439 1357 In
462 1334 498 1357 se
521 1329 666 1369 receptos
690 1327 754 1358 iam
778 1335 933 1368 perennes
959 1326 1089 1359 incolas.

344 1393 375 1424 6.
400 1391 514 1424 Honor
537 1393 580 1425 sit
602 1395 731 1425 aeterno
755 1392 835 1435 Deo,
861 1393 904 1425 sit
927 1392 1029 1434 gloria

399 1439 464 1472 Uni
488 1440 574 1479 patri
600 1440 728 1480 eiusque
752 1441 813 1472 soli
836 1439 902 1472 filio

400 1485 477 1519 Cum
502 1487 627 1528 spiritu,
654 1497 735 1528 quae
758 1488 885 1520 trinitas
910 1486 1095 1527 perenniter

397 1534 488 1567 Vivit
511 1537 625 1575 potens
649 1536 683 1567 in
708 1536 906 1567 saeculorum
931 1534 1077 1568 saeculis

188 1608 259 1644 MT,
279 1609 340 1644 Tb,
368 1609 406 1638 X.
428 1624 464 1628 -
485 1607 512 1644 3,
533 1606 551 1637 3
571 1610 695 1638 verbera
712 1610 774 1644 Tb,
796 1609 834 1637 X.
855 1624 893 1629 —-
912 1608 939 1645 4,
959 1607 978 1635 2
998 1609 1187 1645 malitiaeque
1207 1609 1345 1645 contagia
1368 1608 1423 1642 Tb,

110 1647 152 1682 X,
174 1648 311 1682 contagio
331 1630 397 1676 ΜΤ.
418 1662 455 1666 -
474 1646 501 1682 4,
522 1645 542 1676 4
561 1649 672 1677 Futuro
692 1649 757 1677 MT.
779 1662 818 1668 —-
837 1646 863 1683 6,
885 1646 904 1675 4
923 1648 1043 1676 saecula
1061 1649 1115 1676 Tb.
1137 1661 1172 1666 —-
1186 1647 1243 1675 Cfr.
1262 1648 1356 1682 Mignc
1377 1644 1423 1682 86,

111 1668 182 1720 438,
203 1685 297 1713 Neale
319 1683 372 1713 105
394 1682 481 1721 (dazu
501 1686 549 1714 die
567 1686 765 1724 Bemerkung:
788 1686 866 1722 „Hic
885 1686 1019 1722 hymnus,
1040 1687 1116 1713 mira
1135 1683 1262 1735 quadam
1280 1687 1426 1722 gravitate

111 1724 295 1796 cssnspileiiuvs,
313 1732 376 1790 ἔδοι
393 1725 453 1751 nisi
472 1725 505 1751 in
525 1724 653 1753 editione
672 1708 925 1754 Brev.l{'102ar.ab
947 1723 1126 1751 Aievaliana
1135 1695 1260 1752 exstat‘
1261 1720 1293 1759 ¹3)
1314 1723 1421 1751 claraus

141 1770 208 1789 ame

477 1882 526 1915 30.
556 1882 718 1916 Dominica
737 1882 766 1915 4.
788 1883 1063 1924 Quadragesimae.

661 1961 697 1991 In
716 1960 878 1991 Laudibus.

127 2031 157 2065 1.
185 2030 298 2063 Noctis
323 2033 448 2071 tempus
472 2031 535 2063 iam
559 2032 725 2073 praeterit,
815 2032 845 2066 3.
871 2031 945 2065 Non
969 2034 1006 2063 ut
1029 2030 1128 2064 fallax
1155 2031 1336 2073 discipulus,

185 2079 253 2112 Iam
277 2079 380 2119 gallus
404 2080 490 2111 canit
514 2080 646 2121 vii-ibae,
873 2080 936 2121 Qui
958 2088 1071 2121 pacem
1095 2077 1201 2112 ferens
1227 2080 1334 2112 osculo

184 2126 278 2159 Gallo
305 2129 439 2159 canente
459 2136 533 2166 spes
558 2127 652 2170 redit,
871 2129 916 2162 Et
942 2128 1049 2161 dolum
1073 2129 1184 2160 tenens
1208 2129 1339 2167 pectore

183 2174 299 2215 Aegris
322 2175 410 2207 salus
435 2173 626 2208 refunditur.
872 2175 989 2209 Turbis
1013 2176 1200 2215 magistrum
1225 2173 1369 2208 tradidit.

126 2243 157 2276 2.
185 2242 301 2276 Somno
327 2243 452 2284 gravati
477 2242 607 2284 surgite,
812 2246 843 2278 4.
868 2244 959 2276 lesus
986 2244 1097 2283 captus
1122 2241 1162 2274 ab
1187 2240 1305 2280 impiis,

184 2289 300 2324 Cordis
323 2293 448 2323 reatum
473 2290 617 2334 pandite,
871 2291 1109 2332 Disperguntur
1135 2287 1296 2329 discipuli,

184 2338 319 2379 Iesuque
342 2338 471 2372 laudem
498 2338 605 2380 dicite,
870 2339 1011 2372 Locutus
1037 2340 1085 2369 est
1107 2339 1144 2368 ut
1166 2335 1322 2369 Dominus

185 2386 244 2426 Qui
269 2396 326 2419 nos
352 2388 491 2420 redemit
514 2387 685 2429 sanguine3
870 2386 975 2420 Nocte
999 2385 1105 2418 ferens
1134 2383 1345 2418 escandaium.

1212 2438 1253 2470 6*
