1650 2610
727 157 986 192 —230—

288 254 360 281 LSc.
381 268 417 272 -—-
436 255 497 281 Der
522 253 652 280 schlecht
670 251 853 280 iiberlieferte
871 251 947 278 Text
971 250 1012 276 ist
1029 257 1079 276 um
1098 257 1130 276 so
1151 249 1337 285 schwieriger
1357 257 1394 275 zu
1414 256 1510 275 emen-

214 291 326 325 dieren,
348 291 379 325 je
399 291 560 318 anormaler
580 291 631 317 das
650 290 756 317 Latein
776 289 826 315 des
846 287 1013 315 Verfassers
1034 295 1167 323 gewesen
1187 296 1224 314 zu
1243 288 1308 314 sein
1328 286 1450 313 scheint.
1471 300 1509 304 —

214 326 237 361 1,
259 327 276 354 2
297 337 416 364 eusque;
445 329 514 356 lies:
543 329 649 355 missus
677 328 754 354 inter
779 325 933 353 homines?
958 339 995 344 —
1021 323 1045 357 1,
1066 322 1084 352 3
1109 325 1262 351 sanctium.
1290 339 1326 343 —-
1354 322 1381 357 2,
1397 322 1415 350 2
1441 323 1511 359 Sey-

212 366 299 393 tham.
318 382 356 387 -—
376 364 401 398 2,
416 367 433 393 3
453 368 520 401 post
540 366 647 393 Christi
668 365 808 392 ascensio.
827 378 862 382 —
883 361 909 396 2,
923 361 943 390 4
962 362 999 390 ad
1018 363 1122 390 Martis
1143 362 1279 390 stadium.
1297 376 1334 381 —
1349 359 1376 395 3,
1389 359 1407 388 2
1427 362 1510 390 Duos

211 404 360 437 tribunos,
382 412 466 439 quem
486 404 571 430 draco
592 403 796 438 prostraherat.
817 416 852 420 —
872 398 899 434 3,
914 398 932 428 3
952 400 1023 428 Seu
1042 401 1098 427 wie
1117 400 1178 427 vel
1199 402 1272 427 statt
1292 403 1341 434 et3
1361 399 1451 427 filius.
1475 414 1510 419 —

212 438 238 474 3,
251 439 271 468 4
294 441 522 468 Recuberabant.
548 454 585 459 —
604 438 631 473 4,
650 437 664 466 1
691 448 775 474 quem
803 439 899 466 draeo.
921 454 956 458 ——
983 436 1010 470 4,
1025 435 1043 464 2
1068 437 1180 465 vexilla
1208 437 1344 465 bedeutet
1368 438 1433 465 hier
1458 438 1510 465 das

211 479 308 505 Krcuz
330 478 448 508 (vexilla
478 478 573 513 regis).
594 492 628 496 —
649 475 676 509 4,
691 477 708 504 3
728 478 882 513 imperant.
902 490 940 495 —
959 474 986 509 4,
1007 474 1024 502 5
1045 475 1173 503 solitudo
1193 478 1346 511 permanet
1364 476 1421 503 soli
1439 476 1509 512 (vgl.

212 516 259 542 die
278 516 421 550 Legendej
439 516 531 542 soviel
550 515 663 542 heissen
684 515 742 541 als:
764 523 795 542 er
814 514 886 541 wird
905 515 938 541 in
956 514 1004 541 die
1025 513 1129 541 wuste
1147 514 1284 550 gebannt.
1303 528 1341 531 —
1373 511 1399 546 5,
1421 511 1439 539 2
1459 514 1509 541 de-

211 553 288 580 lictis
314 553 480 588 paenitendi
509 552 664 588 perferunt.
686 566 721 571 —
743 550 769 586 5,
789 549 807 580 3
826 552 944 579 fructos.
965 566 1001 570 -
1021 550 1047 584 5,
1067 549 1088 578 4
1106 553 1219 587 tempus
1241 560 1369 579 munum.
1389 566 1427 571 —
1447 550 1473 586 5,
1488 551 1506 579 5

212 590 254 617 Et
272 591 322 617 sie.
342 604 379 609 —
399 590 424 620 (5,
445 588 462 616 2
483 593 511 617 et
531 590 564 617 dc
585 591 667 626 virgo
688 590 812 625 prodiit3
833 589 891 624 vgl.
913 589 983 616 aber
1003 587 1029 622 1,
1044 586 1076 623 23
1097 587 1124 622 2,
1138 588 1171 623 33
1193 588 1218 622 7,
1234 587 1266 625 2;
1285 586 1312 623 8,
1327 587 1345 617 3
1366 589 1414 617 die
1433 590 1505 617 Les-

212 630 291 654 arton
313 627 363 654 der
383 628 435 655 11³,
455 641 493 645 —
512 626 538 660 6,
552 625 572 654 4
590 628 659 654 Lies
679 629 721 654 in
739 628 838 654 fine?
857 641 896 646 —
915 625 942 660 7,
956 624 974 653 2
995 629 1024 654 et
1042 627 1177 654 sacerdos
1191 626 1263 660 fieri,
1287 635 1346 654 von
1361 628 1507 661 sacerdus,

210 665 240 691 i?
259 678 296 682 —
315 664 341 698 7,
363 663 379 692 3
400 667 553 692 exstruere.
580 680 615 683 —
637 664 662 699 7,
684 663 701 691 5
727 665 914 692 Eresicorum
941 664 976 691 de
1001 673 1097 691 errore
1125 665 1252 692 reddere.
1279 679 1313 683 —
1340 663 1366 698 8,
1389 663 1406 691 2
1436 665 1509 693 Cum

210 701 282 728 duae
303 703 379 736 eius3
401 703 471 729 lit-s:
498 703 568 729 Cum
589 703 660 730 duas
681 704 744 730 eius
765 704 895 738 virgines
921 704 950 729 et
975 701 1073 729 filias?
1094 717 1130 721 —
1150 700 1176 735 8,
1197 700 1215 730 3
1234 703 1283 730 Ex
1310 703 1376 730 luce
1396 706 1509 739 septem

209 740 265 765 seit
285 748 334 774 per
353 741 551 775 inspiramine.
573 754 608 759 —
628 738 655 773 8,
677 738 693 767 5
713 742 869 776 provisam.
891 756 927 760 —-
948 737 973 773 9,
1000 738 1015 766 1
1037 739 1150 767 Christe
1168 741 1303 768 Domine.
1323 755 1361 759 —
1382 739 1407 774 9,
1429 739 1447 768 2
1468 742 1510 770 Ut

209 776 280 803 haef·-
301 779 453 812 patronum
478 778 651 805 intercessor
680 779 832 814 premiges.
853 792 891 796 —
916 776 943 811 9,
964 776 984 804 4
1002 779 1033 804 in
1052 777 1126 805 haec
1144 778 1261 805 mundo.
1281 792 1319 797 —
1340 777 1366 812 9,
1387 777 1404 805 5
1425 787 1508 815 prae-

209 816 317 841 sentem
343 816 466 850 requies.
489 829 526 834 ——
547 813 589 849 10,
613 814 628 842 1
650 816 839 851 Recipiunt-ur
866 816 963 842 cuncti
991 823 1097 842 omnes.
1118 829 1156 833 —
1177 814 1220 849 10,
1242 814 1260 842 2
1279 816 1449 852 tranquilla.
1470 833 1507 837 —

211 849 254 884 10,
276 849 293 878 3
312 852 353 879 Et
372 853 422 887 qui
442 852 514 880 haec
538 853 655 880 laudem
677 853 809 880 condidit
833 853 987 880 liuertitas.
1007 867 1045 871 —
1061 851 1103 886 10,
1117 852 1137 880 4
1155 853 1212 880 Per
1234 855 1395 882 intercessu
1414 856 1507 890 preci-

209 889 263 915 bus
291 890 468 924 apostolum3
499 890 566 918 lies:
599 891 655 918 Per
686 892 873 918 intercessum
894 889 940 921 (st.
964 890 1199 925 intercedentem)
1230 892 1365 926 precibus
1391 895 1507 926 aposto-

209 926 289 953 lum?
312 942 346 947 -—
367 925 410 960 10,
431 925 448 953 5
468 927 508 954 Et
527 928 678 955 exauditor
697 929 792 956 Iesum
814 927 961 956 Christum
980 928 1147 955 Dominum.
1170 943 1208 948 —
1230 927 1272 962 11,
1293 927 1310 957 3
1332 929 1386 957 Sit.

630 1018 691 1049 163.
724 1018 760 1049 In
780 1018 883 1049 sancti
903 1018 1074 1050 Saturnini.

491 1088 521 1119 1.
553 1087 647 1119 Vocis
672 1088 799 1120 auditae
823 1088 946 1120 novitas
970 1087 1097 1120 refulsit,

550 1134 645 1174 Regis
670 1135 836 1166 adventum
864 1135 1007 1166 recinens
1033 1137 1181 1177 superni;

549 1180 612 1211 Det
636 1190 708 1212 suos
733 1183 821 1213 terra
843 1182 997 1223 pariendo
1021 1180 1115 1214 flores

731 1228 806 1260 Iure
831 1229 965 1260 coronis.

488 1284 521 1315 2.
547 1283 716 1324 Ninguidis
741 1287 851 1324 saepta
874 1286 986 1324 spatiis
1011 1286 1128 1317 Tolosa

546 1329 679 1370 Flagret
702 1339 835 1363 accensa
858 1331 935 1363 fidei
961 1333 1076 1372 calore,

550 1376 646 1414 Quem
672 1377 841 1410 Saturnino
864 1378 1019 1410 reboante
1046 1379 1205 1412 Christum

728 1426 874 1464 Martyre
896 1426 988 1465 cepit.

490 1481 520 1512 3.
547 1478 703 1519 Dogmate
727 1481 813 1512 cuius
839 1482 1008 1514 simulacra
1034 1483 1158 1522 cedunt,

549 1525 643 1557 Cuius
668 1535 796 1558 accessu
820 1529 956 1560 reticere
981 1529 1106 1561 discunt

546 1571 743 1605 Daemonum
774 1573 866 1606 vafra
903 1575 1091 1608 dominantis
1125 1586 1182 1608 ora

728 1620 813 1652 Voce
834 1622 946 1661 sopita.

487 1675 521 1706 4.
547 1674 609 1706 Hic
632 1676 694 1708 Dei
717 1677 818 1716 patris
841 1678 980 1717 genitum
1006 1680 1138 1712 colendo

544 1722 737 1754 Praedicans
762 1732 839 1755 voce
863 1725 957 1757 simul
983 1729 1013 1757 et
1039 1735 1162 1767 cruore,

547 1769 689 1801 Vincitur
713 1771 796 1802 tauri
819 1772 955 1811 pedibus
990 1774 1131 1806 litandus

725 1817 861 1850 Victima
886 1819 1021 1854 Christo,

485 1871 516 1904 5.
540 1871 643 1903 Huius
666 1873 771 1904 illaesi
797 1875 916 1907 cineres
943 1877 1047 1909 dicato

545 1918 618 1949 Rite
646 1919 815 1952 transferri
844 1924 965 1956 tumulo
1000 1929 1172 1968 merentur,

546 1964 612 2003 Quo
637 1964 717 1998 fides
744 1969 829 2000 cultu
857 1971 973 2009 gemini
998 1971 1126 2004 honoris

726 2015 831 2047 Aucta
853 2021 1004 2052 maneret.

485 2067 516 2099 6.
541 2067 622 2099 Inde
644 2071 687 2108 te,
713 2069 848 2111 Christe,
875 2074 992 2116 venias,
1020 2085 1175 2116 rogamus,

543 2114 633 2145 Mitis
657 2124 816 2156 apparens
838 2121 993 2153 veniendo
1018 2123 1109 2155 iustis

545 2161 674 2201 Nosque
697 2164 851 2197 victorum
875 2168 999 2200 socians
1025 2171 1164 2203 coruscis

733 2212 833 2252 Iunge
859 2215 992 2248 coronis.

484 2265 512 2296 7.
542 2263 684 2297 Gloriam
716 2268 835 2306 psallat
867 2270 980 2304 chorus
1016 2276 1048 2305 et
1083 2277 1217 2308 resultet

544 2311 686 2345 Gloriam
713 2314 807 2358 dicat,
835 2320 928 2349 canat
952 2322 984 2351 et
1007 2323 1159 2363 revolvat,

543 2358 677 2393 Nomine
701 2361 795 2401 trino,
823 2364 940 2397 deitate
963 2368 1024 2399 soli

728 2409 843 2442 Sidera
868 2412 1012 2449 clament.

1219 2301 1226 2317 ²
