1650 2610
413 602 475 642 V.
515 603 578 641 In
602 603 783 643 Variis
813 603 1214 646 occasionibus.

561 706 624 738 187.
654 706 691 738 In
712 707 899 740 sacratione
916 708 1083 741 Basilicae.

377 776 410 809 1.
436 775 532 816 Ecce,
556 778 600 818 te,
627 776 764 820 Christe,
786 777 847 810 tibi
872 787 947 811 cara
971 787 1106 820 semper,

429 823 476 856 Te
501 824 736 865 redemptorem
761 825 893 857 nimium
915 829 1077 867 potentem

434 870 579 912 Supplici
603 873 709 912 poscit
732 872 853 913 pietate
877 877 1002 913 patrem

568 919 678 951 Turba
701 922 899 959 precantum.

377 986 408 1016 2.
437 985 499 1017 Hic
523 993 617 1017 sacra
641 986 734 1017 sedes
759 988 815 1017 tua
839 986 1034 1026 sempiterna

431 1032 594 1073 Perpetim
620 1035 744 1065 constet
769 1036 957 1073 maneatque
982 1036 1099 1067 nostris

431 1078 581 1111 Proxima
607 1079 709 1122 culpis
734 1080 829 1112 venia
851 1081 992 1121 peractis

570 1127 722 1168 Corpore,
750 1127 857 1161 corde.

400 1219 406 1225 .
433 1193 533 1225 Porta
556 1193 610 1224 hic
632 1194 712 1225 caeli
737 1196 849 1233 pateat
873 1195 1059 1235 redemptis,

432 1239 547 1272 Clausa
572 1240 739 1281 damnatis,
765 1244 910 1273 reserata
931 1242 1041 1283 iustis3

429 1288 566 1327 Veritas,
595 1287 669 1328 vita,
699 1288 758 1328 via,
784 1288 840 1319 lux
867 1291 899 1320 et
922 1289 1015 1329 ignis,

568 1333 671 1367 Influe
694 1335 792 1369 mitis.

400 1426 408 1433 .
433 1400 497 1433 Hic
520 1401 614 1433 homo
642 1410 735 1433 verus
759 1401 846 1434 Deus
873 1405 905 1433 et
928 1401 1088 1441 magister,

430 1448 529 1480 Petra
554 1450 586 1479 et
610 1451 731 1491 pastor,
758 1448 826 1480 ovis
854 1452 886 1480 et
907 1449 1069 1490 sacerdos,

430 1495 529 1528 Panis
556 1499 587 1527 et
614 1495 698 1536 vitis,
725 1498 813 1527 sator
839 1499 871 1528 et
897 1499 1032 1536 creator,

568 1543 707 1584 Respice
730 1543 869 1584 plebem.

399 1638 407 1644 .
432 1610 545 1643 Manet
568 1610 623 1641 hic
643 1619 740 1650 rupes
762 1610 874 1643 latices
900 1611 1021 1650 beatos,

432 1658 556 1691 Abluat
580 1666 680 1689 noxas
706 1657 793 1689 vitiis
816 1658 1003 1699 peremptis,

429 1706 568 1738 Innovet
591 1707 713 1737 mentes
739 1705 871 1737 maculis
897 1706 1028 1737 remotis

570 1751 675 1784 Fonte
698 1753 843 1794 perenni.

380 1821 411 1852 6.
439 1818 501 1851 Hic
526 1821 622 1858 caput
648 1818 792 1850 membra
815 1819 951 1858 propria
972 1819 1101 1856 reviset,

432 1866 543 1898 Lectio
568 1869 681 1906 pascat
704 1865 840 1907 populos
865 1869 988 1907 aperta,

433 1913 575 1956 Sponsus
600 1916 637 1944 ut
660 1914 770 1946 tradat
792 1915 906 1945 animis
931 1912 1041 1945 amicis

574 1961 692 1993 Oscula
716 1964 836 1993 sancta.

402 2056 411 2063 ,
437 2027 572 2069 Fraglet
596 2027 649 2059 hic
674 2028 776 2061 virtus
802 2028 910 2067 specie
939 2028 1065 2066 decora,

434 2076 545 2108 Sumat
567 2076 620 2107 hic
646 2076 762 2116 dogma
789 2075 963 2116 doceatque
989 2075 1097 2113 corda,

433 2124 552 2165 Irriget
576 2132 699 2155 summa
725 2123 821 2155 dubia
845 2126 993 2164 potenter

575 2172 710 2204 Pectora
733 2171 809 2203 vita.

400 2263 408 2271 .
436 2238 560 2281 Lapsus
586 2240 618 2269 et
641 2240 781 2270 maestus
807 2238 993 2278 pariterque
1020 2235 1140 2276 lugens,

433 2286 551 2319 Fessus
577 2289 610 2318 et
633 2286 797 2327 languens,
826 2285 920 2317 simul
945 2284 1049 2316 omnis
1075 2290 1198 2319 errans,

431 2334 602 2374 Quidpiam
626 2334 768 2374 quisquis
795 2333 924 2365 humilis
950 2333 1109 2373 precatur,

571 2381 685 2414 Omnia
709 2384 847 2422 praesta.
