1650 2610
713 125 968 161 -274—

275 225 351 252 st.
408 240 409 244 =
447 223 471 255 1,
492 222 510 250 2
534 223 685 251 continens
709 221 759 252 (se.
788 221 857 264 52³2).
876 232 913 236 —
933 217 959 251 2,
983 216 1001 246 3
1021 217 1205 253 praecipiens
1232 224 1328 281 {egen
1349 213 1397 260 (lie
1418 217 1503 243 sonst

201 262 422 299 ‹lurehgefiiln-te
442 261 667 290 Endassonanm
693 257 751 295 vgl.
778 258 915 293 librigens
939 254 969 300 4,
989 252 1006 284 3
1031 256 1094 299 sq-l.
1111 269 1169 299 ·—·
1184 252 1211 287 4,
1274 261 1432 289 germinus-
1466 267 1501 271 -—

200 297 226 332 4,
253 298 270 327 3
290 301 424 327 interitus
444 297 604 328 (vielleieht
623 298 660 323 irn
681 297 826 324 Interesse
846 295 896 322 des
916 294 1050 321 Reimes:
1078 294 1237 327 imquitas).
1260 306 1299 311 —
1318 290 1345 325 5,
1368 290 1382 319 1
1404 290 1500 318 salba-

201 338 287 364 beris.
308 352 345 356 ——
364 336 390 368 Ξῖ,
410 336 430 365 4
451 336 587 363 devitum.
666 332 692 366 6,
713 332 730 360 2
750 332 839 360 Sacro
861 331 963 359 fudisti
984 332 1135 364 sanguine.
1155 330 1227 363 —7,
1249 329 1267 357 2
1287 329 1376 365 plebi.
1387 342 1428 371 ¹—-
1443 327 1469 362 7,
1484 327 1502 357 3

202 375 290 407 Quae.
336 390 348 393 -
372 373 398 407 7,
418 373 438 402 4
463 375 645 400 sanctissime
667 371 798 404 (Reiml).
821 385 853 389 —
876 370 902 403 δ’,
925 368 941 396 1
962 369 1121 405 §alb-aque.
1141 382 1178 386 —
1201 368 1228 397 8,
1249 366 1268 394 2
1287 366 1503 409 Vielleieht-zu

203 412 418 439 konstruieren:
440 411 529 439 Salva
545 408 629 445 [tarn
651 409 704 436 has
718 404 882 445 primitias}
904 419 920 442 q
931 415 1008 434 uam
1029 406 1224 440 hos(:nos)?
1239 419 1276 424 —-
1288 406 1314 438 ὅ,
1328 405 1348 433 4
1366 406 1412 432 Tu
1432 414 1504 441 ppei*

200 458 263 476 nos.
284 464 320 468 -—
342 447 367 482 9,
382 450 399 475 2
422 450 511 485 regat.
531 462 568 466 —
589 447 614 479 9,
629 443 646 473 3
667 446 784 474 sanetis
799 460 835 464 —
850 443 892 477 10,
907 444 925 472 3
945 446 982 473 ab
1004 445 1137 471 invicem.
1158 458 1190 462 —-
1208 443 1252 478 10,
1266 441 1286 470 4
1306 444 1452 471 Caritatis.
1465 458 1502 462 —

202 484 245 519 11,
267 486 281 514 1
302 487 397 515 Solbe.
450 501 454 504 -
479 483 520 519 11,
536 483 554 512 4
574 483 706 512 condona
725 483 801 510 wohl
823 498 860 505 a
881 483 1071 515 communica,
1091 482 1137 509 fae
1157 483 1325 518 participes.
1346 498 1384 502 -—
1403 481 1501 508 Doxo-

202 524 293 559 logie:
313 525 441 552 Praesta.

677 612 737 644 199.
767 612 811 643 De
829 610 1013 644 Primitivis.

416 673 446 705 1.
473 671 567 703 Plebs
593 671 692 703 omnis
719 674 839 712 sancta,
867 674 1039 704 conventus
1065 672 1227 712 ecelesiae,

472 718 708 750 Primitivorum
733 717 914 751 deferentes
938 727 1071 751 munera

471 765 508 796 111
531 766 601 798 loco
626 768 745 807 saneto,
772 774 864 805 quem
889 766 984 806 elegit
1007 765 1172 805 Dominus,

470 812 508 844 In
533 812 673 844 novitate
696 812 893 845 ambulantes
918 813 1048 853 gratiae,

471 859 646 891 Hluminati
671 868 804 901 corpore
829 862 861 891 et
885 860 1010 898 spiritu.

420 928 450 958 2.
475 925 578 957 Huius
605 925 667 956 diei
692 926 779 957 clara
802 926 843 957 sit
868 925 1073 963 sollemnitas,

473 971 522 1003 Sit
545 971 660 1004 feriata
684 972 810 1012 gaudiis
835 972 1049 1015 sollemnibus,

473 1018 533 1057 Qui
556 1021 699 1051 sanetum
725 1019 841 1050 habent
866 1019 1011 1059 spiritum
1038 1020 1239 1060 paraclitum,

472 1065 574 1105 Regni
599 1066 745 1098 caelestis
769 1066 912 1098 innovati
935 1066 1038 1108 gratia

469 1113 674 1153 Accipiamus
698 1121 830 1145 munera
855 1113 1014 1146 caelestia.

418 1179 450 1210 3.
477 1177 572 1209 Absit
595 1186 615 1210 a
638 1177 729 1209 nobis
756 1177 942 1210 daemonum
968 1178 1099 1219 collegio

474 1224 545 1262 Ille,
572 1224 625 1264 qui
650 1224 725 1256 olim
750 1224 935 1257 obcaecavit
957 1226 1119 1266 populum,

473 1271 546 1302 Diei
571 1271 654 1302 ullus
679 1272 823 1303 nesciens
849 1272 1019 1312 miseriam,

477 1317 708 1349 Communionis
734 1319 924 1358 sequestrati
947 1320 1051 1360 gratia

475 1363 584 1396 Sanati
609 1373 732 1404 quoque
755 1374 833 1397 vera
856 1365 919 1398 Dei
941 1367 1055 1406 gratia.

421 1431 453 1461 4.
479 1429 527 1460 Te
549 1432 654 1461 autem
677 1430 760 1461 alme
781 1432 941 1469 poscimus
965 1432 1174 1475 omnipotens,

473 1475 520 1507 Ut
541 1476 647 1507 lumen
671 1485 780 1508 verum
805 1478 927 1510 tribuas
951 1477 1109 1518 fidelibus,

475 1522 525 1553 Ne
548 1522 709 1554 obcaecati
732 1523 852 1555 vadant
874 1524 910 1555 in
935 1525 1084 1564 deterius,

474 1568 577 1600 Huius
604 1569 668 1600 diei
690 1571 836 1602 nesciens
859 1571 998 1613 miseria,

475 1616 560 1655 Quae
581 1617 758 1649 sanctitatis
784 1620 873 1650 tanta
898 1619 999 1651 crevit
1021 1620 1133 1659 gratia.

420 1683 451 1714 5.
477 1682 562 1714 Hine
586 1682 733 1715 advocati
758 1692 865 1716 omnes
890 1684 965 1716 hinc
988 1687 1023 1717 in
1047 1687 1186 1718 crastina

475 1730 679 1769 Accipiamus
704 1733 876 1771 sanctaque
900 1732 1062 1773 mysteria,

474 1776 640 1809 Recedant
661 1777 725 1809 doli
751 1778 876 1810 animae
899 1783 932 1811 et
955 1780 1107 1820 eorporis,

477 1823 523 1856 Ut
546 1824 652 1856 lumen
676 1833 787 1857 verum
808 1826 914 1857 luceat
936 1827 972 1858 in
996 1827 1159 1868 cordibus,

476 1870 523 1902 Te
543 1874 729 1911 protegente
755 1880 976 1906 conservemur
997 1875 1134 1914 saepius,

423 1938 454 1970 6,
480 1936 611 1968 Oremus
636 1946 759 1977 quoque
777 1938 905 1971 Domini
927 1940 1136 1983 elementiam,

477 1982 522 2015 Ut
542 1984 648 2015 mittat
672 1985 762 2016 nobis
787 1989 929 2018 sanetum
954 1988 1146 2021 adiutorium

479 2029 564 2062 Illud
591 2032 631 2063 de
654 2032 759 2073 caelis,
786 2034 969 2073 angelorum
991 2036 1127 2077 agmina,

475 2076 658 2110 Illuminata
682 2078 781 2111 eorda
801 2080 981 2114 innocentia

476 2124 515 2157 In
540 2125 681 2157 novitate
706 2125 901 2159 ambulemus
924 2130 1055 2168 gratiae.

422 2192 452 2224 7.
480 2190 633 2222 Occurrat
656 2191 747 2223 nobis
771 2192 912 2225 Michael
936 2196 1144 2237 archangelus

478 2237 539 2270 Ille
563 2238 709 2270 caelestis
732 2240 915 2279 angelorum
939 2243 1073 2283 agmine,

478 2284 525 2317 Ut
549 2285 639 2317 bonis
663 2294 789 2326 semper
812 2287 971 2321 innovatis
996 2291 1140 2324 sensibus

477 2332 642 2365 Tenebrae
666 2333 770 2366 cordis
796 2333 981 2369 auferantur
1005 2339 1102 2382 ocius,

478 2379 662 2421 Lumenque
688 2389 797 2413 verum
819 2381 925 2415 luceat
949 2384 983 2416 in
1008 2387 1167 2420 cordibus
