1650 2610
425 1839 478 1870 10.

428 2034 481 2066 11.

748 134 1002 169 -270—

503 231 550 262 Tu
576 237 608 259 es
633 228 767 268 unigena
791 228 874 259 alma
898 226 1083 268 redemptio,

502 277 552 308 Tu
577 284 669 306 verus
693 275 816 315 genitor
839 281 958 313 nosque
983 273 1136 314 clientuli,

504 323 612 355 Tantis
638 319 736 365 [dum]
761 321 901 353 lacrimis
925 322 1057 358 pectora
1082 320 1254 363 tundimus,

640 369 775 401 Intende
799 369 853 408 pie
876 367 1045 407 supplices.

503 431 663 470 Rectores‚
689 430 821 461 humiles
847 436 1044 468 quaesumus,
1071 428 1197 467 patriae

501 478 576 510 Cum
604 477 723 507 cunctis
748 476 875 507 sibimet
897 475 1044 516 plebibus
1071 475 1201 506 creditis

498 524 627 555 Directo
651 523 775 561 itinere,
801 523 920 563 inclite,
949 522 1053 553 ducito

638 570 728 602 Dans
753 570 841 610 pacis
865 570 948 602 bona
973 569 1126 602 omnibus,

470 658 477 665 .
501 631 608 671 Moysi
634 631 686 670 qui
711 630 828 663 famulo
855 632 895 663 ad
916 639 1042 670 precem
1067 631 1203 670 intuens,

502 678 595 710 Ponti
619 687 780 718 purpurea
804 687 941 719 aequora
968 678 1113 709 dividens

504 725 658 757 Traducis
685 733 799 756 cuneos
824 725 1018 757 israeliticos

645 771 768 803 Siccato
793 772 889 803 maris
916 772 1016 811 alveo,

473 858 479 864 .
505 833 549 865 Et
574 833 628 872 qui
651 834 691 865 ad
716 834 848 865 nihilum
872 833 1026 873 principis
1050 833 1136 864 illius

499 880 674 911 Pharaonis
700 889 777 919 opus
803 881 883 911 calle
907 880 1069 920 potissimo

501 926 660 959 Calcando
684 927 811 958 rediens
835 928 965 967 impium
991 927 1063 957 ilico

640 973 760 1013 Mergis
784 974 905 1014 limpha
928 971 1134 1012 superfluens,

472 1061 477 1067 .
503 1034 581 1066 Eius
608 1034 721 1073 quique
745 1034 816 1073 pius
841 1033 1021 1073 quaestibus
1046 1043 1196 1074 annuens,

501 1080 663 1113 Frendens
687 1081 872 1119 praevalide
896 1089 968 1112 mox
994 1081 1202 1113 truculentior

503 1127 627 1159 Divinis
653 1128 786 1159 Amalec
810 1128 960 1166 plectitur
984 1128 1099 1159 ictibus

640 1173 839 1214 Consumptis
863 1176 928 1207 suis
953 1174 1114 1206 omnibus:

468 1261 475 1267 .
501 1235 574 1268 Dux
600 1237 665 1266 esto
690 1234 835 1275 placidus
860 1236 909 1267 his
934 1235 997 1266 tuis
1022 1236 1168 1275 servulis,

500 1282 608 1313 Virtus
633 1282 774 1321 angelica
799 1282 864 1313 illis
889 1282 1071 1325 adhaereat,

502 1328 614 1361 Custos
638 1329 783 1368 invigilet
807 1329 855 1360 his
880 1333 935 1361 tua
959 1329 1070 1368 gloria,

642 1375 700 1413 Qui
726 1384 758 1406 es
784 1384 904 1407 summa
929 1375 1116 1416 benignitas.

472 1461 479 1467 .
505 1435 548 1467 Ut
575 1439 731 1474 tamquam
757 1436 848 1467 vituli
870 1436 960 1477 plebs
984 1439 1040 1468 tua
1065 1446 1241 1469 commeans

502 1482 552 1513 Ex
578 1490 673 1522 grege
697 1483 772 1513 fidei
797 1483 923 1514 ausibus
948 1483 1057 1514 liberis

504 1528 620 1560 Gentes
644 1529 827 1560 barbaricas
854 1529 999 1561 cornibus
1024 1531 1157 1562 ventilet

643 1577 692 1606 Ac
716 1576 825 1614 planta
849 1579 933 1608 terat
953 1576 1080 1617 impios.

475 1663 481 1669 .
506 1636 648 1668 Hostiles
672 1637 756 1668 acics
781 1638 907 1677 telaque
930 1637 1057 1678 bellica,

505 1684 590 1721 Quae
615 1681 736 1714 frustra
760 1684 885 1715 minitat
910 1684 1002 1715 turba
1027 1686 1200 1717 satellitum

505 1731 541 1762 In
567 1738 674 1762 necem
700 1730 807 1769 populi
832 1732 965 1763 tendere
988 1732 1103 1772 acrius,

644 1776 770 1816 Everte‚
797 1778 893 1818 Deus,
919 1776 1072 1813 funditus.

507 1839 600 1871 Cuius
624 1840 785 1877 praesidio
808 1840 937 1871 inclitus
961 1840 1096 1881 belliger

502 1886 608 1918 David
634 1886 730 1925 opilio
756 1890 860 1918 mente
881 1887 1082 1927 tyrannidem

504 1933 625 1965 Goliam
652 1933 798 1973 subigens
823 1943 917 1966 saxeo
942 1935 1063 1973 impetu

646 1979 763 2011 Laetus
784 1990 914 2013 munere
936 1982 1096 2015 redditur.

508 2036 582 2067 Post
608 2035 691 2066 hunc
716 2036 769 2075 qui
795 2038 888 2068 etiam
912 2041 1054 2077 tempore
1078 2042 1206 2079 postero

507 2082 617 2113 ludam
639 2083 819 2114 munificum
845 2083 944 2116 efficis
970 2086 1102 2127 praelio,

507 2129 651 2161 Clemens
676 2128 818 2162 salvifica
842 2134 946 2162 castra
970 2131 1111 2164 fidelium

645 2175 817 2215 Depellens
842 2179 904 2210 eito
929 2179 1078 2213 taedium.

476 2254 483 2259 -
510 2231 698 2264 ‚Nostrorum
722 2233 855 2272 gemitus
880 2235 987 2274 aspice
1010 2236 1191 2276 principum

508 2278 601 2320 Vulgi
627 2277 757 2310 funerea
781 2289 912 2313 munera
937 2285 1086 2314 contuens

503 2326 548 2360 Et
571 2327 653 2358 iusto
678 2326 783 2367 iugulo
811 2328 924 2360 deseca
947 2331 1096 2371 aemulos,

646 2375 696 2408 Tu
721 2383 827 2416 regum
852 2380 945 2417 pater
970 2379 1118 2413 omnium.
