1650 2610
200 258 231 289 5.

198 548 228 579 6.

218 837 247 867 7.

197 1704 250 1736 10.

704 155 960 190 —172—

256 254 377 291 Nomen
402 253 640 287 christianitatis

300 303 414 343 impius
440 302 638 341 exstinguere

254 351 366 383 Nitens
390 351 447 382 hos
472 350 592 381 vinctos
618 346 736 378 catenis

300 397 392 429 iussit
414 397 442 428 is
466 396 549 426 trahi
574 394 614 425 ad
640 402 674 425 se

253 446 302 476 Ac
326 443 429 483 frangi
455 442 569 482 digitos
593 441 703 472 horum

301 500 393 522 crura
417 493 449 520 et,
477 487 684 527 contorqueri.

253 545 379 580 Direxit
404 545 512 585 epulas
539 544 613 582 illis,

300 593 411 633 quibus
434 591 548 622 edebat
571 591 659 629 ipse3

256 640 400 673 Oblatum
425 638 484 669 sibi
509 640 584 668 tunc
607 637 708 668 sancti

300 688 443 717 temnunt
467 685 569 716 cibum
594 692 738 724 carcere3

254 734 359 765 Iratus
384 732 504 764 camino
526 732 618 762 iussit

301 788 353 811 eos
378 779 474 810 iudex
497 779 621 810 ardere.

273 834 333 870 Isti
358 835 448 867 ambo
478 835 647 866 consultori

322 882 448 914 veracia
471 881 609 921 praesidi

276 929 383 962 Verba
405 928 633 968 respondentes
657 927 745 958 missi

326 985 393 1007 cum
419 974 562 1016 fuissent,
588 975 691 1005 illaesi

277 1023 471 1063 Manserunt,
491 1022 542 1061 qui
559 1024 632 1061 post
647 1023 712 1052 tres
732 1020 799 1051 dies

322 1069 433 1100 intacti
457 1071 531 1100 sunt
551 1069 680 1100 inventi.

277 1123 356 1158 Post
378 1123 528 1156 infectum
556 1124 625 1155 dari
648 1124 740 1155 iussit

322 1172 384 1203 illis
411 1171 514 1202 cibum
540 1180 670 1211 veneno,

278 1219 425 1251 Oratione
453 1221 616 1258 acceptum

324 1274 413 1305 quem
440 1268 470 1296 et
496 1265 597 1296 crucis
623 1265 740 1297 vexillo

276 1313 401 1344 Armati
425 1312 523 1343 sancti
551 1312 693 1353 ederunt,

324 1359 402 1389 nihil
426 1359 502 1390 mali
530 1362 705 1390 senserunt.

244 1438 251 1446 .
276 1411 396 1447 Roetor
419 1417 495 1445 tunc
519 1415 640 1445 uncinis
670 1414 754 1445 trahi

325 1469 437 1492 nervos
462 1469 500 1491 ex
527 1461 710 1499 corporibus

278 1508 394 1540 Eorum
419 1508 511 1538 iussit,
533 1507 669 1547 illosque

326 1555 393 1585 oleo
418 1553 611 1593 perfundere

281 1601 442 1633 Candente
466 1604 560 1640 atque
583 1600 716 1632 subvehi

324 1648 488 1687 lampades
512 1647 675 1679 lateribus.

277 1701 376 1737 Iussit
399 1704 502 1736 vivum
526 1704 643 1735 calcem
668 1704 800 1735 mixtum

325 1760 393 1782 cum
419 1754 507 1782 aceto
533 1753 565 1782 et
587 1749 663 1782 felle

276 1798 394 1829 Eorum
419 1799 501 1829 mitti
524 1798 689 1838 iii-guttur

324 1845 480 1876 violenter
503 1845 670 1885 iudexque,

277 1891 358 1923 Nam
384 1892 484 1923 sancti
507 1891 655 1923 biberunt
678 1895 786 1932 potum

323 1937 459 1970 fidenter
483 1939 516 1969 in
542 1938 686 1971 Domino.

874 250 929 283 11.

870 541 925 573 12.

871 832 925 864 13.

870 1125 925 1157 14.

871 1415 925 1447 15.

871 1706 924 1738 16.

954 245 1131 288 Martyrum
1154 250 1186 278 et
1210 246 1334 279 effodiri

998 295 1094 327 iussit
1117 295 1224 326 oculos
1249 302 1391 334 praeses,

952 342 1038 381 Quae
1051 351 1120 373 cum
1133 342 1236 373 sancti
1246 344 1344 382 agunt
1356 340 1482 373 Christo

998 392 1103 429 grates
1128 389 1197 421 Deo
1230 388 1309 431 fieri,

951 437 1173 477 Suspendique
1196 438 1273 467 tunc
1299 436 1447 467 deorsum

998 484 1088 515 iubet
1112 492 1164 515 eos
1194 483 1309 522 capite.

950 538 1107 574 Illustrati
1133 542 1207 579 post
1229 540 1369 572 triduum

1000 590 1032 618 et
1055 587 1125 619 sani
1147 587 1268 619 inventi
1292 589 1375 624 sunt,

951 635 1034 673 Quos
1059 635 1148 666 vivos
1174 634 1341 666 discoriari

997 682 1093 713 iudex
1116 682 1210 713 iussit
1232 682 1368 724 iniquus,

952 729 1066 768 Capita
1090 732 1270 760 sanctorum
1291 729 1422 760 mandat

998 776 1110 807 horum
1135 779 1230 816 atque
1253 776 1407 815 praecidi.

952 830 1043 866 Tunc
1066 833 1183 864 milites
1208 832 1415 864 absciderunt

1000 880 1106 919 capita
1133 880 1308 919 beatorum,

953 926 1136 959 Cervicibus
1157 927 1264 959 statim
1289 935 1420 966 quorum

998 974 1050 1005 lac
1074 976 1107 1004 et
1130 974 1257 1013 sanguis
1283 974 1378 1013 exiit3

952 1021 1048 1053 Multi
1071 1021 1217 1052 videntes
1243 1021 1344 1061 gavisi

997 1068 1028 1099 in
1057 1067 1182 1100 Christo
1209 1068 1423 1100 crediderunt.

953 1121 1037 1164 Iesu⁷
1063 1124 1248 1163 redemptor
1272 1124 1407 1164 excelse,

998 1170 1059 1202 Dei
1083 1171 1185 1210 patris
1213 1170 1307 1213 filius,

951 1218 1136 1250 Inter-ventu
1164 1218 1274 1250 horum
1300 1218 1392 1249 nobis

998 1268 1172 1304 martyrum
1197 1266 1404 1305 imploramus

951 1312 1006 1354 Te,
1038 1313 1078 1344 de
1103 1312 1198 1343 caelis
1222 1316 1259 1343 ut
1286 1313 1432 1344 iuvamen

1001 1360 1056 1390 des
1081 1360 1266 1402 angelicum,
1294 1359 1390 1393 Deus.

952 1412 1071 1455 Vigeat
1093 1416 1155 1446 iam
1181 1416 1316 1447 ecclesia

992 1463 1061 1493 'tuis
1086 1463 1253 1494 adiutoriis

952 1509 1021 1540 Tua
1044 1518 1103 1548 per
1126 1509 1233 1540 orbem
1261 1509 1374 1542 diffusa

999 1558 1156 1587 terrarum
1181 1559 1275 1596 atque
1297 1557 1385 1596 pacis

953 1602 1090 1634 Ornetur
1114 1603 1306 1642 virginitatis

1001 1649 1082 1681 dono
1107 1652 1139 1681 et
1163 1650 1315 1682 caritatis,

952 1702 1069 1738 Inclita
1093 1706 1136 1737 sit
1158 1706 1227 1738 laus
1252 1709 1338 1746 patri

998 1755 1093 1792 atque
1116 1753 1185 1793 tibi,
1211 1753 1288 1796 filio,

952 1800 1026 1833 Una
1051 1809 1118 1831 cum
1143 1801 1259 1840 spiritu
1283 1805 1404 1843 sancto,

999 1847 1109 1890 honor,
1134 1848 1326 1890 benedictio,

954 1893 1073 1937 Gloria,
1099 1895 1195 1936 salus,
1224 1899 1367 1936 potestas

1000 1950 1058 1981 per
1082 1943 1187 1974 omnia
1211 1945 1348 1976 saecula.

260 2003 340 2047 LSd'.
356 2017 393 2046 -Τ
412 2000 444 2047 ⁸33,
465 2001 676 2047 2301131111..-
697 2002 727 2037 3,
750 2001 768 2031 3
787 2005 890 2032 horum
910 2007 1015 2041 rigatu.
1038 2022 1070 2026 -
1094 2005 1127 2041 3,
1147 2007 1167 2035 4
1186 2011 1279 2036 nostri
1300 2010 1362 2038 dies
1382 2013 1424 2038 ut.
1448 2026 1482 2030 —

184 2039 217 2073 4,
236 2037 253 2067 3
275 2040 432 2067 Christlam
451 2040 508 2074 1111:
534 2041 685 2068 vielleieht
703 2042 764 2069 ibi?

299 2080 305 2085 -
615 2080 620 2085 Ι
816 2057 822 2058 ff
842 2041 873 2076 9,
896 2043 909 2071 1
935 2044 1034 2072 Rator.
1053 2061 1092 2065 —
1111 2044 1137 2077 9,
1158 2045 1176 2073 5
1195 2047 1267 2074 Cum
1289 2048 1374 2076 dente
1395 2052 1483 2084 atque

185 2078 316 2105 subveni.
343 2094 378 2098 —
408 2076 452 2111 11,
473 2077 493 2105 4
516 2078 578 2105 Deo
603 2080 712 2106 tierent.
735 2094 774 2098 —-
802 2079 849 2113 12,
869 2080 889 2108 4
914 2083 1034 2118 iniquis.

1086 2100 1090 2102 -
1117 2082 1167 2117 13,
1192 2084 1205 2112 1
1228 2086 1422 2113 adsciderunt„
1444 2101 1484 2105 ——

185 2116 241 2142 Die
267 2116 420 2160 durchweg
444 2116 646 2152 eingehaltene
663 2116 874 2145 Endassonanz
894 2119 977 2147 liesse
997 2121 1059 2147 sich
1080 2122 1194 2149 freilieh
1215 2131 1254 2150 an
1273 2124 1328 2151 den
1348 2126 1483 2160 wenigen

185 2153 280 2198 clav-911
306 2153 529 2198 abwerchenden
553 2153 663 2181 Stellen
688 2154 857 2191 herstellen3
884 2158 919 2184 ob
947 2158 1017 2185 aber
1043 2158 1117 2187 ohne
1137 2160 1280 2197 Eingriffe
1305 2162 1337 2188 in
1363 2161 1410 2189 die
1435 2171 1483 2190 ur-

185 2191 371 2228 sprunghche
389 2191 494 2218 Form‘?
532 2192 601 2218 Man
621 2192 680 2227 vgl.
700 2192 756 2220 den
776 2194 924 2228 Hymnus:
946 2195 1032 2229 Fons,
1053 2197 1142 2231 Deus,
1164 2200 1241 2226 ritae
1260 2201 1405 2234 perennis.

544 2254 607 2285 120.
635 2255 670 2286 In
690 2264 730 2287 ss.
750 2257 884 2288 Facundi
906 2259 937 2289 et
956 2259 1122 2291 Primitivi.

380 2307 413 2339 1.
439 2306 562 2338 Gaudet
585 2315 669 2338 nunc
691 2308 816 2339 naviter
839 2309 899 2340 iam
926 2312 1000 2350 toga
1025 2313 1171 2352 candida,

435 2353 592 2385 Sollemne
616 2354 720 2395 agitur
743 2354 856 2386 festum
882 2357 1046 2398 celebrius,

435 2398 666 2445 Concu[rrunt]
690 2403 812 2441 pariter
835 2403 1014 2444 hymnoque
1036 2407 1196 2449 recinunt,

435 2449 493 2487 Qui
516 2452 609 2488 patre
631 2447 801 2493 prodi[tus]
826 2451 985 2483 saeculum
1010 2454 1160 2487 continet.
