1650 2610
670 114 903 151 -95ἐ

136 202 223 238 loa
254 205 369 240 Omnia
394 207 541 241 Christus
565 210 641 244 fidei
823 213 865 247 10
881 213 912 247 b.
940 213 1053 246 Omnia
1077 212 1220 246 Christus
1244 213 1320 247 fidei

302 255 451 287 concedit
474 258 684 301 omnipotens,
987 261 1134 293 concedit
1157 262 1364 302 omnipotens,

255 300 418 342 Quidquid
439 306 617 345 supplicem
635 309 761 346 precari
937 308 1098 348 Quidquid
1124 309 1261 348 supplici
1286 313 1417 349 precatu

302 350 440 382 senserit
461 351 612 397 fideliter,
986 356 1123 388 senserit
1147 355 1335 395 simpliciter

254 394 377 430 Cuncta
402 398 519 431 dantur
543 402 728 443 postulanti,
938 404 1059 436 Cuncta
1084 402 1189 435 ferens
1217 404 1344 436 deitatis

301 452 382 483 quae
408 447 542 479 credens
565 449 705 488 petierit.
984 451 1025 483 ad
1052 450 1263 482 exhibendum
1290 452 1403 484 omnia.

241 498 294 532 11.
323 501 496 543 Quinquies
522 507 634 544 quater
657 506 691 537 in
715 508 815 539 altum
841 508 914 539 dum
939 506 1075 539 fodisset
1098 507 1255 548 passibus,

322 549 404 581 Tres
428 559 507 590 quas
531 560 668 591 precans
692 554 862 594 requisivit
886 563 996 586 cruces
1019 556 1092 595 ipse
1116 555 1247 595 detulit3

325 596 412 635 Quae
436 598 478 629 sit
503 608 567 630 una
592 608 669 631 crux
695 601 806 633 salutis
831 604 916 633 tacto
941 605 1043 634 morte
1068 602 1262 643 comprobat.

246 651 302 686 12.
330 653 461 693 Signum
485 663 623 695 namque
647 658 822 695 pretiosum
849 659 964 690 detulit
989 659 1191 699 dominicum,

328 700 471 740 Eiusque
496 701 595 734 virtus
621 704 820 744 praecellens
846 705 998 738 excitavit
1020 708 1187 746 mortuum,

327 747 423 780 Cuius
449 749 577 781 virtutis
604 752 749 791 exemplo
775 757 905 784 cunctus
930 754 1048 792 gaudet
1072 754 1218 793 populus,

139 801 182 835 13
198 812 226 835 a.
259 802 330 836 Vox
354 806 514 844 serpentis
539 808 765 848 perstrepebat
824 809 867 842 13
883 809 913 841 b.
941 809 1012 841 Vox
1039 810 1197 849 serpentis
1222 810 1444 851 perstrepebat

301 851 336 883 in
361 860 437 884 aera
462 854 638 898 clamitans,
987 857 1021 889 in
1046 856 1103 888 hos
1127 856 1381 900 immundissimi,

258 897 384 931 Veteris
411 901 525 933 veneni
549 902 630 935 telas
940 904 1031 943 Quod
1055 912 1112 936 sua
1136 904 1213 936 sede
1238 905 1378 936 deiectus

302 956 493 989 memorans,
519 958 598 989 quas
619 953 761 982 texerat:
988 950 1171 991 privaretur
1196 949 1342 983 fortiter:

253 993 368 1026 Iudam
394 1003 451 1035 ego
475 996 658 1038 incitabam,
939 998 1008 1039 Ego
1036 999 1149 1031 Iudam
1173 998 1314 1038 incitavi,

301 1050 386 1074 nunc
408 1052 460 1075 me
483 1044 581 1076 Iudas
608 1046 741 1084 expulit.
988 1054 1073 1078 nunc
1096 1055 1147 1078 me
1170 1046 1267 1078 Iudas
1294 1047 1424 1086 expulit.

138 1096 183 1129 14
196 1106 225 1130 a.
260 1097 433 1131 Dominum
455 1099 554 1132 Iudas
580 1101 726 1141 deposcit
826 1102 868 1135 14
881 1102 912 1133 b.
939 1102 1109 1135 Dominum
1133 1102 1231 1135 ludas
1258 1103 1403 1145 deposcit

302 1147 465 1179 exorando
489 1146 627 1189 fletibus,
989 1150 1149 1182 exorando
1174 1148 1312 1191 fletibus,

251 1192 343 1226 Sacri
367 1196 511 1235 corporis
535 1198 572 1227 ut
595 1196 645 1228 sui
941 1198 987 1231 Ut
1010 1199 1138 1230 nostrae
1162 1197 1274 1230 salutis
1301 1198 1417 1230 donum

301 1242 451 1282 propalet
475 1242 622 1276 fixorios:
987 1245 1141 1285 proderet
1163 1243 1311 1278 fixorios:

253 1288 401 1322 Rutilant
425 1290 516 1330 quasi
539 1292 709 1330 probatum
939 1293 1047 1325 Solum
1076 1291 1228 1333 fraglavit
1252 1294 1351 1326 odore

302 1345 381 1377 opus
406 1339 475 1369 auri
497 1338 662 1378 optimum.
984 1340 1104 1380 duplici
1128 1343 1286 1373 nectareo.

136 1392 177 1425 15
195 1402 223 1426 a.
254 1393 352 1434 Regis
376 1392 468 1427 freno
494 1396 551 1427 hos
577 1396 745 1439 adaptans,
823 1398 864 1431 15
879 1398 910 1431 b.
937 1397 1015 1429 Mox
1042 1397 1147 1429 clavos
1168 1399 1297 1429 nostrae
1320 1398 1431 1430 salutis

301 1444 390 1474 vates
415 1445 452 1474 ut
475 1443 692 1483 praedixerat,
986 1444 1088 1478 iudae
1110 1453 1221 1477 manus
1248 1445 1363 1486 attigit,

253 1488 322 1521 Pax
345 1491 384 1521 ut
405 1489 493 1523 bella
515 1492 737 1532 subsequatur,
936 1492 1194 1533 Expugnandum
1217 1492 1326 1525 hostes
1350 1493 1429 1525 belli

301 1537 456 1570 salivares
479 1537 611 1580 fecerat,
985 1539 1116 1572 salivari
1139 1538 1252 1580 infigit,

254 1584 407 1617 Sanctum
423 1585 553 1618 Domini
578 1586 663 1626 quod
682 1590 760 1629 erat,
937 1586 1067 1619 Sacrum
1093 1588 1207 1620 vulnus
1231 1586 1389 1627 passionis

303 1640 401 1673 equus
427 1632 518 1666 freno
546 1633 670 1666 detulit.
987 1643 1084 1675 equus
1110 1634 1200 1667 freno
1228 1634 1351 1667 detulit.

219 1690 274 1722 16.
302 1689 356 1721 Sic
378 1690 564 1731 redemptor
587 1691 707 1730 mundi,
736 1692 890 1733 Christus,
915 1692 1013 1724 iudex
1037 1700 1090 1731 qui
1114 1695 1265 1724 venturus
1291 1694 1346 1733 est,

299 1736 416 1769 Decies
442 1741 516 1777 post
540 1739 638 1777 quina
661 1739 763 1771 lustra
788 1740 956 1779 pervoluta
979 1742 1157 1778 temporum

303 1784 414 1817 Crucis
438 1785 559 1826 lignum
584 1786 678 1818 humo
704 1788 849 1826 opertum
872 1787 997 1819 revelat
1019 1785 1161 1821 mirifice.

219 1841 272 1875 17.
302 1841 414 1875 Gloria
439 1846 472 1874 et
495 1844 597 1875 honor
622 1844 700 1887 Deo,
728 1845 828 1876 virtus
855 1847 886 1876 et
909 1844 1077 1884 imperium

300 1890 374 1923 Una
398 1891 484 1930 patri
509 1889 647 1933 filioque,
672 1892 784 1925 inclito
807 1892 974 1934 paraclito,

302 1937 361 1971 Cui
385 1938 454 1971 laus
481 1942 513 1971 et
535 1942 678 1979 potestas
702 1949 763 1980 per
787 1943 917 1973 aeterna
941 1941 1076 1972 saecula.

211 2023 307 2051 Unter
334 2022 471 2051 andei-em
496 2023 592 2052 bleibt
609 2025 789 2053 namentlieh
808 2025 858 2053 der
879 2024 996 2054 Schlul's
1014 2033 1075 2054 von
1097 2023 1157 2054 1οὺ
1178 2025 1297 2052 dunkel.
1344 2040 1355 2044 -
1373 2025 1446 2052 Man

134 2061 302 2098 vergleiehe
322 2062 379 2089 den
399 2061 451 2089 das
471 2062 587 2098 gleiche
599 2064 713 2091 Thema
731 2064 954 2092 behandelnden
966 2064 1117 2100 Hymnus:
1140 2064 1218 2092 Crux
1236 2066 1296 2097 tua,
1321 2062 1444 2094 Chriete,

134 2099 216 2128 salus
245 2099 396 2127 hominum
423 2101 522 2134 (Mone
545 2100 574 2135 Ι,
599 2099 671 2135 134).
712 2102 783 2129 Zum
808 2102 1001 2130 Vel-standnis
1027 2111 1086 2129 von
1111 2102 1169 2130 Str.
1198 2099 1234 2129 14
1258 2111 1286 2129 u.
1316 2099 1351 2128 15
1377 2109 1446 2137 mag

133 2138 254 2166 dienen:
283 2138 457 2174 „Quaesivit
475 2138 592 2167 Helena
612 2140 711 2168 clavos
731 2141 853 2168 Domini
875 2143 904 2169 et
922 2141 1045 2168 invenit.
1086 2140 1127 2168 Et
1147 2141 1183 2168 de
1202 2148 1260 2167 uno
1280 2140 1363 2167 frena
1381 2138 1446 2166 fiori

133 2177 286 2213 praecepit
311 2174 384 2204 etc.“
425 2176 472 2204 An
499 2178 580 2205 einer
605 2177 733 2206 anderen
753 2178 859 2206 Stelle:
889 2178 1015 2215 „Olavos
1034 2187 1116 2214 vero,
1141 2179 1247 2215 quibus
1268 2178 1447 2205 dominicum

132 2224 239 2252 corpus
259 2215 357 2243 fuerat
376 2214 511 2252 affixum,
532 2218 631 2251 portat
650 2216 688 2243 ad
706 2216 815 2251 filium,
837 2226 873 2244 ex
889 2217 1004 2254 quibus,
1025 2219 1058 2245 ut
1077 2217 1224 2245 Eusebius
1246 2216 1446 2244 Caesariensis

131 2253 227 2288 refert,
248 2253 332 2281 frena
352 2254 460 2291 quibus
478 2256 601 2282 utuntur
622 2253 659 2282 acl
679 2255 789 2283 bellum
803 2253 995 2292 composuit.“
1028 2255 1061 2291 (Ι.
1077 2255 1112 2283 tle
1125 2255 1283 2290 Voragine,
1304 2253 1445 2289 legendae

130 2294 308 2320 sanctorum.
348 2293 462 2328 Argent
481 2289 572 2328 14923
593 2293 629 2321 de
646 2294 818 2322 inventione
837 2296 958 2322 sanctae
978 2294 1090 2327 crucis).

207 2330 435 2360 Nachstehende
447 2331 653 2368 Erweiterung
669 2331 719 2359 des
731 2332 1000 2368 Passionshymnus
1020 2340 1077 2360 von
1090 2331 1254 2359 Venantius
1268 2331 1446 2358 Fortunatus

130 2377 191 2397 war
219 2369 339 2406 bislang
359 2378 416 2397 nur
442 2371 483 2397 im
502 2369 579 2398 Text
602 2371 683 2398 einer
702 2371 757 2398 Hs.
785 2370 835 2398 des
864 2369 908 2399 10.
928 2370 1033 2398 Jahrh.
1060 2369 1192 2397 bekannt
1210 2367 1309 2403 (Mone
1325 2368 1349 2402 1,
1373 2366 1445 2404 132).

129 2406 174 2436 Ob
195 2409 240 2436 sie
260 2409 308 2435 ein
327 2408 565 2437 mozarabisches
578 2408 712 2437 Produkt
731 2411 783 2444 sei,
804 2410 845 2437 ist
862 2408 1053 2443 zweifelhaft5
1074 2407 1157 2436 Alter
1176 2407 1237 2434 und
1250 2406 1307 2436 Stil
1326 2407 1446 2435 wiirden
