1650 2610
679 138 937 173 -174—

357 239 409 271 13.
436 238 566 270 Sustolli
589 234 755 276 praecipit,
781 236 877 273 caput
901 233 1094 272 demergere,

434 285 538 317 Pelles
564 283 739 324 detrahere,
766 281 873 313 oculos
899 278 1004 317 effodi,

433 332 478 364 Ut
500 331 546 362 sic
570 339 629 370 per
653 329 790 361 triduum
816 327 991 366 penderent
1015 326 1191 367 perpetim;

432 379 553 418 Angelo
577 376 706 409 Domini
730 375 799 407 sani
824 374 926 406 effecti
948 376 1030 406 sunt.

355 445 409 477 14.
436 445 524 477 Unus
550 452 568 474 e
592 442 708 482 populo
732 441 901 481 increpans
925 439 1063 471 iudicem

433 489 541 523 Cernit
564 492 596 520 et
621 489 776 527 obsecrat,
803 487 929 519 nuntius
953 487 1081 518 Domini

429 537 552 569 Dextra
577 535 733 567 coronulis
758 534 934 573 praestolet
957 537 1125 573 martyres,

431 583 475 616 Ut
500 583 593 614 sertis
618 582 731 615 evehat
755 581 884 613 aethera
911 581 1038 615 caelica.

352 650 405 681 15.
433 649 599 688 Tyrannus
624 647 755 680 audiens
781 648 854 678 vcta
879 645 1030 683 fidelium,

427 696 571 734 Accepta
594 694 729 726 Domino
757 702 826 725 essc
849 697 885 725 ut
910 694 1072 732 comperit,

429 744 568 782 Arrepto
592 741 700 782 gladio
726 743 900 780 martyrum
926 740 1032 780 capita

427 790 577 828 Truncat,
603 789 729 820 suavius
753 788 861 819 vivent
882 788 1062 826 perennius.

351 856 403 887 16.
428 854 474 887 Ob
499 854 568 895 hoc,
595 853 772 892 caelicolae,
799 853 940 885 adclines
963 853 1109 894 petimus,

427 901 616 940 Nostrisque
639 900 786 940 precibus
812 908 902 931 aures
926 900 1089 941 adponite,

428 946 560 979 Deferte
585 948 696 979 sedula
718 947 767 978 illi
791 947 937 987 suspiria,

428 994 474 1026 Ut
498 995 540 1025 sit
563 994 720 1033 propitius
745 995 876 1033 cunctis,
903 1002 983 1032 quae
1006 994 1168 1033 gessimus.

350 1061 402 1093 17.
426 1060 473 1091 Sit
497 1061 579 1091 trino
604 1059 738 1091 Domino
765 1059 866 1099 gloria
890 1060 1035 1102 maxima,

426 1106 472 1138 Sit
499 1114 625 1145 compar
651 1106 755 1147 genito
780 1106 882 1145 sitque
908 1105 1073 1148 paraclito,

426 1152 514 1185 Unus
538 1153 591 1192 qui
614 1153 731 1185 retinet
752 1156 879 1192 sceptra
904 1153 1086 1191 perenniter

425 1200 562 1231 Vincens
586 1201 748 1239 perpetuis
773 1202 916 1239 tempora
937 1201 1081 1231 saeculis.

229 1263 292 1290 MC.
311 1278 349 1282 —
371 1262 394 1294 1,
415 1263 433 1291 2
452 1264 602 1292 celebrior.
624 1279 658 1283 -—
682 1262 707 1297 2,
730 1262 743 1291 1
765 1264 907 1300 Eumque.
928 1279 965 1283 —
984 1262 1011 1296 3,
1035 1263 1048 1291 1
1073 1263 1131 1291 Sed
1151 1265 1215 1292 hoc.
1230 1280 1267 1284 —
1281 1262 1307 1298 3,
1323 1262 1341 1291 2
1361 1265 1454 1300 partis

157 1309 168 1325 c·
180 1301 300 1328 ieiduae.
320 1316 324 1320 -
377 1301 404 1334 23,
423 1301 443 1329 4
461 1301 593 1329 nefandis
615 1302 713 1329 inec-li.
733 1316 772 1320 —
783 1301 812 1334 4,
829 1301 843 1329 1
866 1302 1061 1330 Praeeonans.
1077 1317 1112 1321 —
1126 1302 1152 1336 4,
1167 1300 1185 1328 2
1200 1302 1281 1335 Quis.
1294 1317 1333 1321 ——
1346 1301 1374 1336 4,
1388 1301 1407 1329 4
1422 1303 1455 1329 iu

157 1346 214 1365 ero.
224 1354 262 1358 -
275 1336 301 1370 5,
316 1337 333 1365 2
353 1339 489 1366 defluunt.
503 1352 541 1357 -—
555 1337 580 1371 5,
594 1337 612 1365 :3
633 1342 776 1374 optantur.
792 1353 828 1358 ——
843 1338 868 1372 5,
883 1338 903 1366 4
922 1341 1009 1367 erevi-
1022 1354 1061 1358 —
1075 1338 1101 1372 6,
1116 1340 1134 1366 2
1154 1340 1276 1368 Pectore
1296 1341 1454 1367 verberans

158 1377 256 1402 monit.
284 1390 321 1395 ——
350 1375 381 1405 7,
404 1375 418 1403 1
448 1378 601 1411 contiguus
628 1377 729 1404 deitas.
755 1391 790 1395 -—
812 1376 842 1409 7,
863 1376 881 1403 2
909 1377 1016 1405 fratris.
1042 1392 1080 1396 —
1106 1376 1137 1408 7,
1158 1375 1176 1405 3
1203 1377 1354 1413 Ardorque
1385 1377 1453 1404 fidei

156 1413 308 1440 studuntur
328 1415 443 1448 pariter.
521 1413 547 1446 7,
560 1412 580 1440 4
598 1414 691 1442 fut-ba.
732 1429 746 1433 -
770 1415 797 1440 ⁵<-
817 1413 831 1442 1
852 1416 983 1442 toi-vidus
1014 1429 1050 1434 -—
1071 1413 1115 1445 10,
1129 1414 1147 1442 2
1167 1416 1305 1443 vinceret.
1319 1429 1356 1434 -—
1372 1413 1417 1449 10,
1434 1413 1453 1443 3

156 1450 300 1477 Vinceret.
329 1465 365 1469 -—
395 1448 443 1484 11,
466 1449 480 1477 1
512 1452 713 1486 praepelliunt.
744 1467 779 1471 —
807 1450 888 1484 12,1
917 1453 1030 1488 poeula.
1055 1467 1093 1471 -
1119 1450 1168 1486 13,
1191 1451 1204 1479 1
1227 1454 1396 1488 dimergere.
1416 1467 1455 1472 ——

158 1484 207 1518 13,
228 1485 245 1514 3
266 1488 377 1521 triduot,
397 1488 518 1523 perpeti.
600 1486 648 1520 14,
670 1489 688 1515 25
708 1489 871 1517 Dexteram.
952 1488 1000 1521 14,
1021 1489 1041 1517 4
1060 1490 1130 1517 serti
1152 1490 1283 1518 evehant.
1308 1505 1340 1510 —-
1364 1489 1411 1522 15,
1435 1490 1453 1517 2

158 1527 234 1551 esset
252 1527 281 1551 et
299 1527 443 1560 competit.
463 1541 492 1545 -ν
522 1524 565 1558 15,
585 1524 605 1552 4
622 1527 793 1554 Trunnatus.
873 1526 915 1556 17,
936 1526 955 1554 4
974 1529 1121 1563 perpetuis
1142 1530 1195 1555 ete.
1215 1527 1302 1562 fehlt3
1322 1529 1382 1565 vgl.
1397 1528 1454 1555 (len

159 1562 305 1596 Hymnus..-
336 1562 452 1596 Assuut,
480 1571 495 1590 ο
517 1564 615 1599 populi
641 1563 689 1594 10,
709 1563 736 1592 4.
761 1580 796 1584 —
822 1564 1056 1593 Beachtenswert
1078 1566 1129 1595 ist,
1156 1565 1220 1592 dass
1243 1566 1306 1593 sich
1336 1566 1453 1594 oftmals

157 1600 340 1627 munem-eim
360 1600 509 1628 vorfiudot.

435 1712 492 1743 121.
522 1713 556 1744 111
582 1720 623 1743 ss.
646 1713 762 1751 Fausti,
782 1713 924 1744 Ianuarii
946 1715 978 1744 et
995 1713 1163 1746 Martialis.

687 1780 734 1808 Ad
755 1779 908 1817 Vesperas.

170 1845 201 1877 1.
229 1845 354 1878 Gaudet
378 1850 503 1878 caterva
526 1847 642 1879 nobilis
841 1850 873 1881 4.
899 1847 1036 1881 Faustus
1062 1850 1215 1890 benignus
1240 1851 1362 1890 primus
1389 1854 1435 1882 est

201 1926 204 1929 ,
227 1892 284 1923 Dei
310 1894 433 1932 repleta
457 1894 568 1933 gratia,
900 1895 1039 1929 Effatus:
1067 1896 1170 1928 Huius
1194 1897 1348 1937 temporis

225 1939 333 1970 Trium
358 1949 517 1972 sacrorum
541 1944 715 1981 martyrum
902 1941 1065 1982 Condigna
1087 1952 1150 1975 non
1178 1946 1227 1975 est
1251 1946 1369 1985 passio,

229 1986 395 2018 Praeclara
419 1990 466 2018 est
490 1988 694 2021 sollemnitas,
899 1989 1047 2030 Fratres,
1073 1989 1214 2023 futuram
1239 1992 1281 2024 ad
1306 1992 1449 2031 gloriam.

170 2042 200 2073 2.
226 2042 389 2082 Templum
414 2043 509 2074 beata
533 2043 659 2075 trinitas
842 2048 872 2078 5.
899 2046 1016 2078 Beatus
1040 2047 1225 2080 Ianuarius:

228 2089 369 2121 Perenne
394 2089 536 2122 condidit
559 2090 630 2130 sibi,
899 2094 1031 2134 Aperta,
1056 2095 1169 2135 inquit,
1195 2095 1291 2127 ianua

227 2136 277 2168 Ex
300 2146 360 2177 quo
386 2146 500 2168 novum
530 2138 726 2177 depromitur
899 2139 961 2172 Est
983 2141 1044 2172 iam
1069 2141 1172 2182 nobis,
1196 2146 1233 2174 ut
1256 2143 1374 2182 gaudia

226 2183 511 2223 Dulcissimumque
536 2185 699 2217 canticum.
901 2186 988 2220 Caeli
1013 2188 1157 2221 fruamur
1180 2191 1311 2228 optima.

168 2239 199 2273 3.
227 2240 270 2272 Hi
292 2244 357 2272 tres
380 2241 441 2272 viri
467 2241 664 2272 concorditer
844 2245 862 2275 6
899 2243 943 2276 Et
967 2244 1127 2277 Martialis
1151 2246 1302 2285 praebuit

225 2288 278 2319 Ad
303 2288 480 2327 passionem
507 2288 645 2331 veniunt,
900 2293 1071 2325 Assensum
1098 2294 1225 2333 almum,
1252 2294 1397 2326 omnibus

225 2335 261 2367 In
288 2335 440 2368 trinitatis
464 2336 589 2367 nomine
901 2339 1026 2372 Sanctis
1052 2343 1084 2371 et
1107 2340 1176 2372 Deo
1201 2344 1237 2372 ut
1260 2341 1362 2381 gloria

226 2381 357 2414 Hostem
383 2383 526 2415 vicerunt
548 2384 729 2422 pessimum.
901 2386 938 2419 1n
965 2392 1079 2420 cuncta
1103 2387 1211 2421 dicant
1235 2390 1363 2422 saecula
