<?xml version="1.0" encoding="UTF-8"?>
<!DOCTYPE html PUBLIC "-//W3C//DTD XHTML 1.0 Transitional//EN"
    "http://www.w3.org/TR/xhtml1/DTD/xhtml1-transitional.dtd">
<html xmlns="http://www.w3.org/1999/xhtml" xml:lang="en" lang="en">
 <head>
  <title>
</title>
<meta http-equiv="Content-Type" content="text/html;charset=utf-8" />
  <meta name='ocr-system' content='tesseract 3.04.00' />
  <meta name='ocr-capabilities' content='ocr_page ocr_carea ocr_par ocr_line ocrx_word'/>
</head>
<body>
  <div class='ocr_page' id='page_1' title='image "./analectahymnica27drevuoft_00183.png"; bbox 0 0 1650 2610; ppageno 0'>
   <div class='ocr_carea' id='block_1_1' title="bbox 700 146 954 181">
    <p class='ocr_par' dir='ltr' id='par_1_1' title="bbox 700 146 954 181">
     <span class='ocr_line' id='line_1_1' title="bbox 700 146 954 181; baseline -0.004 0"><span class='ocrx_word' id='word_1_1' title='bbox 700 146 954 181; x_wconf 74' lang='lat'>—180—</span> 
     </span>
    </p>
   </div>
   <div class='ocr_carea' id='block_1_2' title="bbox 182 230 1483 469">
    <p class='ocr_par' dir='ltr' id='par_1_2' title="bbox 182 230 1483 469">
     <span class='ocr_line' id='line_1_2' title="bbox 185 230 1478 277; baseline -0.011 -3"><span class='ocrx_word' id='word_1_2' title='bbox 185 255 323 274; x_wconf 83' lang='lat' dir='ltr'>revocans</span> <span class='ocrx_word' id='word_1_3' title='bbox 351 245 427 273; x_wconf 90' lang='lat' dir='ltr'>LSb.</span> <span class='ocrx_word' id='word_1_4' title='bbox 456 260 493 265; x_wconf 91' lang='lat'>—</span> <span class='ocrx_word' id='word_1_5' title='bbox 519 244 545 277; x_wconf 86' lang='lat'>7,</span> <span class='ocrx_word' id='word_1_6' title='bbox 565 242 585 271; x_wconf 99' lang='lat'>4</span> <span class='ocrx_word' id='word_1_7' title='bbox 608 250 721 270; x_wconf 83' lang='lat' dir='ltr'>sumere</span> <span class='ocrx_word' id='word_1_8' title='bbox 745 240 810 267; x_wconf 81' lang='lat' dir='ltr'>MT.</span> <span class='ocrx_word' id='word_1_9' title='bbox 835 253 871 258; x_wconf 83' lang='lat'>—</span> <span class='ocrx_word' id='word_1_10' title='bbox 892 236 917 271; x_wconf 78' lang='grc'>8,</span> <span class='ocrx_word' id='word_1_11' title='bbox 938 236 953 264; x_wconf 99' lang='grc'>1</span> <span class='ocrx_word' id='word_1_12' title='bbox 974 237 1085 272; x_wconf 83' lang='lat' dir='ltr'>percite</span> <span class='ocrx_word' id='word_1_13' title='bbox 1103 236 1252 272; x_wconf 79' lang='lat' dir='ltr'>gressibus</span> <span class='ocrx_word' id='word_1_14' title='bbox 1269 235 1335 262; x_wconf 79' lang='lat' dir='ltr'>MT.</span> <span class='ocrx_word' id='word_1_15' title='bbox 1356 249 1393 253; x_wconf 97' lang='lat'>—</span> <span class='ocrx_word' id='word_1_16' title='bbox 1414 231 1441 267; x_wconf 85' lang='grc'>8,</span> <span class='ocrx_word' id='word_1_17' title='bbox 1460 230 1478 259; x_wconf 80' lang='lat'>2</span> 
     </span>
     <span class='ocr_line' id='line_1_3' title="bbox 182 269 1481 320; baseline -0.01 -9"><span class='ocrx_word' id='word_1_18' title='bbox 182 285 315 320; x_wconf 77' lang='lat' dir='ltr'>plectite,</span> <span class='ocrx_word' id='word_1_19' title='bbox 341 284 483 319; x_wconf 75' lang='lat' dir='ltr'>percutite</span> <span class='ocrx_word' id='word_1_20' title='bbox 509 283 546 309; x_wconf 87' lang='lat' dir='ltr'>X.</span> <span class='ocrx_word' id='word_1_21' title='bbox 570 295 608 300; x_wconf 89' lang='lat'>—</span> <span class='ocrx_word' id='word_1_22' title='bbox 626 281 653 312; x_wconf 69' lang='lat'>3,</span> <span class='ocrx_word' id='word_1_23' title='bbox 672 277 692 306; x_wconf 89' lang='lat'>4</span> <span class='ocrx_word' id='word_1_24' title='bbox 711 285 809 305; x_wconf 79' lang='lat' dir='ltr'>socros</span> <span class='ocrx_word' id='word_1_25' title='bbox 829 277 864 304; x_wconf 87' lang='lat' dir='ltr'>X.</span> <span class='ocrx_word' id='word_1_26' title='bbox 884 290 923 294; x_wconf 89' lang='lat'><strong>—</strong></span> <span class='ocrx_word' id='word_1_27' title='bbox 943 273 968 308; x_wconf 90' lang='lat'>9,</span> <span class='ocrx_word' id='word_1_28' title='bbox 992 272 1006 301; x_wconf 93' lang='grc'>1</span> <span class='ocrx_word' id='word_1_29' title='bbox 1028 274 1154 301; x_wconf 85' lang='lat' dir='ltr'>referent</span> <span class='ocrx_word' id='word_1_30' title='bbox 1171 273 1247 301; x_wconf 82' lang='lat' dir='ltr'>LSd.</span> <span class='ocrx_word' id='word_1_31' title='bbox 1268 287 1306 293; x_wconf 89' lang='lat'>——-</span> <span class='ocrx_word' id='word_1_32' title='bbox 1326 270 1352 305; x_wconf 82' lang='lat'>9,</span> <span class='ocrx_word' id='word_1_33' title='bbox 1373 269 1391 299; x_wconf 86' lang='lat'><strong>3</strong></span> <span class='ocrx_word' id='word_1_34' title='bbox 1412 271 1481 298; x_wconf 83' lang='lat' dir='ltr'>Fer-</span> 
     </span>
     <span class='ocr_line' id='line_1_4' title="bbox 183 307 1483 350; baseline -0.009 -2"><span class='ocrx_word' id='word_1_35' title='bbox 183 323 297 349; x_wconf 77' lang='lat' dir='ltr'>bentem</span> <span class='ocrx_word' id='word_1_36' title='bbox 317 321 391 348; x_wconf 71' lang='lat' dir='ltr'>LSb.</span> <span class='ocrx_word' id='word_1_37' title='bbox 410 335 449 339; x_wconf 87' lang='lat'>—</span> <span class='ocrx_word' id='word_1_38' title='bbox 469 320 494 350; x_wconf 67' lang='grc' dir='ltr'>ἓ),</span> <span class='ocrx_word' id='word_1_39' title='bbox 510 317 529 345; x_wconf 76' lang='lat'>4</span> <span class='ocrx_word' id='word_1_40' title='bbox 548 318 646 345; x_wconf 69' lang='lat' dir='ltr'>sorde:</span> <span class='ocrx_word' id='word_1_41' title='bbox 666 317 708 349; x_wconf 80' lang='lat' dir='ltr'>X3</span> <span class='ocrx_word' id='word_1_42' title='bbox 729 316 837 349; x_wconf 76' lang='lat' dir='ltr'>queant</span> <span class='ocrx_word' id='word_1_43' title='bbox 855 314 920 340; x_wconf 78' lang='lat' dir='ltr'>MT.</span> <span class='ocrx_word' id='word_1_44' title='bbox 940 327 978 331; x_wconf 88' lang='lat'>—</span> <span class='ocrx_word' id='word_1_45' title='bbox 1000 310 1043 345; x_wconf 90' lang='lat'>10,</span> <span class='ocrx_word' id='word_1_46' title='bbox 1059 310 1073 337; x_wconf 98' lang='grc'>1</span> <span class='ocrx_word' id='word_1_47' title='bbox 1094 311 1264 346; x_wconf 75' lang='lat' dir='ltr'>regrediaris</span> <span class='ocrx_word' id='word_1_48' title='bbox 1283 311 1320 338; x_wconf 84' lang='lat' dir='ltr'>X.</span> <span class='ocrx_word' id='word_1_49' title='bbox 1343 325 1379 330; x_wconf 91' lang='lat'>—</span> <span class='ocrx_word' id='word_1_50' title='bbox 1402 307 1446 341; x_wconf 91' lang='grc'>10,</span> <span class='ocrx_word' id='word_1_51' title='bbox 1464 307 1483 335; x_wconf 84' lang='grc'><strong>2</strong></span> 
     </span>
     <span class='ocr_line' id='line_1_5' title="bbox 183 347 1482 394; baseline -0.009 -8"><span class='ocrx_word' id='word_1_52' title='bbox 183 360 291 394; x_wconf 77' lang='lat' dir='ltr'>iugulis</span> <span class='ocrx_word' id='word_1_53' title='bbox 312 359 376 388; x_wconf 84' lang='grc' dir='ltr'>ΜΤ,</span> <span class='ocrx_word' id='word_1_54' title='bbox 396 357 476 389; x_wconf 77' lang='lat' dir='ltr'>LSd;</span> <span class='ocrx_word' id='word_1_55' title='bbox 499 356 615 390; x_wconf 70' lang='lat' dir='ltr'>iugulus</span> <span class='ocrx_word' id='word_1_56' title='bbox 635 355 671 382; x_wconf 86' lang='lat' dir='ltr'>X.</span> <span class='ocrx_word' id='word_1_57' title='bbox 693 367 731 372; x_wconf 90' lang='lat'>—</span> <span class='ocrx_word' id='word_1_58' title='bbox 753 350 795 384; x_wconf 89' lang='grc'>11,</span> <span class='ocrx_word' id='word_1_59' title='bbox 815 349 833 377; x_wconf 84' lang='grc'><strong>2</strong></span> <span class='ocrx_word' id='word_1_60' title='bbox 853 359 967 386; x_wconf 78' lang='lat' dir='ltr'>quoque</span> <span class='ocrx_word' id='word_1_61' title='bbox 987 350 1024 376; x_wconf 92' lang='lat' dir='ltr'>X.</span> <span class='ocrx_word' id='word_1_62' title='bbox 1046 363 1082 367; x_wconf 89' lang='lat'><em>-</em></span> <span class='ocrx_word' id='word_1_63' title='bbox 1105 347 1147 381; x_wconf 92' lang='grc'>11,</span> <span class='ocrx_word' id='word_1_64' title='bbox 1165 348 1183 389; x_wconf 87' lang='lat'><strong>3</strong></span> <span class='ocrx_word' id='word_1_65' title='bbox 1206 348 1394 384; x_wconf 80' lang='lat' dir='ltr'><strong>precantibus</strong></span> <span class='ocrx_word' id='word_1_66' title='bbox 1410 347 1482 381; x_wconf 80' lang='lat' dir='ltr'>MT;</span> 
     </span>
     <span class='ocr_line' id='line_1_6' title="bbox 182 385 1483 432; baseline -0.009 -9"><span class='ocrx_word' id='word_1_67' title='bbox 182 399 347 432; x_wconf 80' lang='lat' dir='ltr'>precantum</span> <span class='ocrx_word' id='word_1_68' title='bbox 367 396 403 422; x_wconf 83' lang='lat' dir='ltr'>X.</span> <span class='ocrx_word' id='word_1_69' title='bbox 423 409 460 413; x_wconf 89' lang='lat'>—</span> <span class='ocrx_word' id='word_1_70' title='bbox 482 392 524 426; x_wconf 89' lang='grc'>11,</span> <span class='ocrx_word' id='word_1_71' title='bbox 539 392 556 421; x_wconf 75' lang='lat'><strong>3</strong></span> <span class='ocrx_word' id='word_1_72' title='bbox 576 392 710 427; x_wconf 75' lang='lat' dir='ltr'>Acceptis</span> <span class='ocrx_word' id='word_1_73' title='bbox 728 389 803 417; x_wconf 75' lang='lat' dir='ltr'>LSd.</span> <span class='ocrx_word' id='word_1_74' title='bbox 816 403 855 407; x_wconf 91' lang='lat'>—</span> <span class='ocrx_word' id='word_1_75' title='bbox 869 386 912 420; x_wconf 82' lang='grc'>12,</span> <span class='ocrx_word' id='word_1_76' title='bbox 930 387 943 415; x_wconf 93' lang='grc'>1</span> <span class='ocrx_word' id='word_1_77' title='bbox 967 388 1032 415; x_wconf 82' lang='lat' dir='ltr'>Hac</span> <span class='ocrx_word' id='word_1_78' title='bbox 1050 387 1115 418; x_wconf 77' lang='lat' dir='ltr'>MT,</span> <span class='ocrx_word' id='word_1_79' title='bbox 1136 387 1219 420; x_wconf 60' lang='lat' dir='ltr'>L5b3</span> <span class='ocrx_word' id='word_1_80' title='bbox 1240 386 1283 413; x_wconf 83' lang='lat' dir='ltr'>Ac</span> <span class='ocrx_word' id='word_1_81' title='bbox 1302 385 1378 419; x_wconf 79' lang='lat' dir='ltr'>LSd,</span> <span class='ocrx_word' id='word_1_82' title='bbox 1395 385 1433 412; x_wconf 77' lang='lat' dir='ltr'>X.</span> <span class='ocrx_word' id='word_1_83' title='bbox 1446 400 1483 404; x_wconf 94' lang='lat'><em>-</em></span> 
     </span>
     <span class='ocr_line' id='line_1_7' title="bbox 184 421 1247 469; baseline -0.01 -8"><span class='ocrx_word' id='word_1_84' title='bbox 184 432 226 466; x_wconf 82' lang='lat'>12,</span> <span class='ocrx_word' id='word_1_85' title='bbox 249 432 266 461; x_wconf 84' lang='lat'><strong><em>2</em></strong></span> <span class='ocrx_word' id='word_1_86' title='bbox 286 435 381 469; x_wconf 81' lang='lat' dir='ltr'>aptior</span> <span class='ocrx_word' id='word_1_87' title='bbox 399 432 435 459; x_wconf 84' lang='lat' dir='ltr'>X.</span> <span class='ocrx_word' id='word_1_88' title='bbox 458 445 493 450; x_wconf 88' lang='lat'>——</span> <span class='ocrx_word' id='word_1_89' title='bbox 515 429 557 462; x_wconf 84' lang='lat'>12,</span> <span class='ocrx_word' id='word_1_90' title='bbox 579 427 597 456; x_wconf 76' lang='lat'><strong>3</strong></span> <span class='ocrx_word' id='word_1_91' title='bbox 618 429 724 456; x_wconf 75' lang='lat' dir='ltr'>sanetis</span> <span class='ocrx_word' id='word_1_92' title='bbox 745 427 819 454; x_wconf 69' lang='lat' dir='ltr'>Lsd.</span> <span class='ocrx_word' id='word_1_93' title='bbox 840 441 877 445; x_wconf 97' lang='lat'><strong>—</strong></span> <span class='ocrx_word' id='word_1_94' title='bbox 898 426 954 453; x_wconf 77' lang='lat' dir='ltr'>Gfr.</span> <span class='ocrx_word' id='word_1_95' title='bbox 975 426 1076 461; x_wconf 78' lang='lat' dir='ltr'>Mignc</span> <span class='ocrx_word' id='word_1_96' title='bbox 1095 423 1141 457; x_wconf 65' lang='lat'>86,</span> <span class='ocrx_word' id='word_1_97' title='bbox 1164 421 1247 451; x_wconf 85' lang='lat'>1194.</span> 
     </span>
    </p>
   </div>
   <div class='ocr_carea' id='block_1_3' title="bbox 621 534 1038 568">
    <p class='ocr_par' dir='ltr' id='par_1_3' title="bbox 621 534 1038 568">
     <span class='ocr_line' id='line_1_8' title="bbox 621 534 1038 568; baseline -0.005 -1"><span class='ocrx_word' id='word_1_98' title='bbox 621 537 682 568; x_wconf 77' lang='lat'>125.</span> <span class='ocrx_word' id='word_1_99' title='bbox 713 536 748 567; x_wconf 88' lang='lat' dir='ltr'>In</span> <span class='ocrx_word' id='word_1_100' title='bbox 768 535 870 567; x_wconf 81' lang='lat' dir='ltr'>sancti</span> <span class='ocrx_word' id='word_1_101' title='bbox 891 534 1038 566; x_wconf 71' lang='lat' dir='ltr'>Gerontii.</span> 
     </span>
    </p>
   </div>
   <div class='ocr_carea' id='block_1_4' title="bbox 196 606 770 645">
    <p class='ocr_par' dir='ltr' id='par_1_4' title="bbox 196 606 770 645">
     <span class='ocr_line' id='line_1_9' title="bbox 196 606 770 645; baseline -0.014 -1"><span class='ocrx_word' id='word_1_102' title='bbox 196 611 228 643; x_wconf 92' lang='lat'>1.</span> <span class='ocrx_word' id='word_1_103' title='bbox 255 612 417 644; x_wconf 81' lang='lat' dir='ltr'>Sacratmn</span> <span class='ocrx_word' id='word_1_104' title='bbox 444 608 562 641; x_wconf 75' lang='lat' dir='ltr'>Christi</span> <span class='ocrx_word' id='word_1_105' title='bbox 587 606 770 645; x_wconf 81' lang='lat' dir='ltr'><strong>antistitem,</strong></span> 
     </span>
    </p>
   </div>
   <div class='ocr_carea' id='block_1_5' title="bbox 252 653 705 783">
    <p class='ocr_par' dir='ltr' id='par_1_5' title="bbox 252 653 705 783">
     <span class='ocr_line' id='line_1_10' title="bbox 256 653 686 693; baseline -0.012 -4"><span class='ocrx_word' id='word_1_106' title='bbox 256 657 438 689; x_wconf 79' lang='lat' dir='ltr'>Gerontium</span> <span class='ocrx_word' id='word_1_107' title='bbox 465 653 686 693; x_wconf 85' lang='lat' dir='ltr'>confessorem,</span> 
     </span>
     <span class='ocr_line' id='line_1_11' title="bbox 252 700 705 744; baseline -0.009 -9"><span class='ocrx_word' id='word_1_108' title='bbox 252 704 363 744; x_wconf 86' lang='lat' dir='ltr'>Dignis</span> <span class='ocrx_word' id='word_1_109' title='bbox 389 711 534 734; x_wconf 85' lang='lat' dir='ltr'>canamus</span> <span class='ocrx_word' id='word_1_110' title='bbox 558 700 705 733; x_wconf 73' lang='lat' dir='ltr'>laudibus</span> 
     </span>
     <span class='ocr_line' id='line_1_12' title="bbox 252 748 673 783; baseline -0.01 -1"><span class='ocrx_word' id='word_1_111' title='bbox 252 751 296 783; x_wconf 87' lang='lat' dir='ltr'>Et</span> <span class='ocrx_word' id='word_1_112' title='bbox 320 750 511 781; x_wconf 81' lang='lat' dir='ltr'>celebremus</span> <span class='ocrx_word' id='word_1_113' title='bbox 533 748 673 780; x_wconf 87' lang='lat' dir='ltr'>vocibus.</span> 
     </span>
    </p>
   </div>
   <div class='ocr_carea' id='block_1_6' title="bbox 198 813 727 994">
    <p class='ocr_par' dir='ltr' id='par_1_6' title="bbox 198 813 727 994">
     <span class='ocr_line' id='line_1_13' title="bbox 198 813 640 854; baseline -0.007 -7"><span class='ocrx_word' id='word_1_114' title='bbox 198 817 228 847; x_wconf 88' lang='lat'>2.</span> <span class='ocrx_word' id='word_1_115' title='bbox 253 816 316 847; x_wconf 85' lang='lat' dir='ltr'>Hic</span> <span class='ocrx_word' id='word_1_116' title='bbox 340 814 442 846; x_wconf 83' lang='lat' dir='ltr'>fertur</span> <span class='ocrx_word' id='word_1_117' title='bbox 467 813 640 854; x_wconf 79' lang='lat' dir='ltr'>apostolico</span> 
     </span>
     <span class='ocr_line' id='line_1_14' title="bbox 258 861 643 900; baseline -0.008 -7"><span class='ocrx_word' id='word_1_118' title='bbox 258 863 353 893; x_wconf 83' lang='lat' dir='ltr'>Vates</span> <span class='ocrx_word' id='word_1_119' title='bbox 378 861 476 892; x_wconf 79' lang='lat' dir='ltr'>fuisse</span> <span class='ocrx_word' id='word_1_120' title='bbox 501 863 643 900; x_wconf 85' lang='lat' dir='ltr'>tempore</span> 
     </span>
     <span class='ocr_line' id='line_1_15' title="bbox 254 908 727 948; baseline -0.008 -8"><span class='ocrx_word' id='word_1_121' title='bbox 254 909 296 940; x_wconf 89' lang='lat' dir='ltr'>Et</span> <span class='ocrx_word' id='word_1_122' title='bbox 321 908 523 948; x_wconf 80' lang='lat' dir='ltr'>praedicasse</span> <span class='ocrx_word' id='word_1_123' title='bbox 548 915 727 946; x_wconf 84' lang='lat' dir='ltr'>supremum</span> 
     </span>
     <span class='ocr_line' id='line_1_16' title="bbox 255 952 639 994; baseline -0.003 -7"><span class='ocrx_word' id='word_1_124' title='bbox 255 956 382 988; x_wconf 86' lang='lat' dir='ltr'>Patrem</span> <span class='ocrx_word' id='word_1_125' title='bbox 408 954 547 994; x_wconf 82' lang='lat' dir='ltr'>potentis</span> <span class='ocrx_word' id='word_1_126' title='bbox 571 952 639 986; x_wconf 91' lang='lat' dir='ltr'>filii.</span> 
     </span>
    </p>
   </div>
   <div class='ocr_carea' id='block_1_7' title="bbox 196 1019 752 1200">
    <p class='ocr_par' dir='ltr' id='par_1_7' title="bbox 196 1019 752 1200">
     <span class='ocr_line' id='line_1_17' title="bbox 196 1019 752 1062; baseline -0.005 -10"><span class='ocrx_word' id='word_1_127' title='bbox 196 1023 230 1052; x_wconf 84' lang='lat'>3.</span> <span class='ocrx_word' id='word_1_128' title='bbox 256 1021 384 1062; x_wconf 75' lang='lat' dir='ltr'>Quique,</span> <span class='ocrx_word' id='word_1_129' title='bbox 411 1021 483 1051; x_wconf 87' lang='lat' dir='ltr'>dum</span> <span class='ocrx_word' id='word_1_130' title='bbox 508 1028 566 1059; x_wconf 87' lang='lat' dir='ltr'>per</span> <span class='ocrx_word' id='word_1_131' title='bbox 590 1019 752 1050; x_wconf 78' lang='lat' dir='ltr'>occiduam</span> 
     </span>
     <span class='ocr_line' id='line_1_18' title="bbox 257 1066 752 1107; baseline -0.008 -8"><span class='ocrx_word' id='word_1_132' title='bbox 257 1069 463 1099; x_wconf 85' lang='lat' dir='ltr'>Percurreret</span> <span class='ocrx_word' id='word_1_133' title='bbox 487 1066 591 1097; x_wconf 86' lang='lat' dir='ltr'>clarus</span> <span class='ocrx_word' id='word_1_134' title='bbox 616 1066 752 1107; x_wconf 80' lang='lat' dir='ltr'>plagam,</span> 
     </span>
     <span class='ocr_line' id='line_1_19' title="bbox 253 1113 652 1152; baseline -0.008 -7"><span class='ocrx_word' id='word_1_135' title='bbox 253 1114 394 1145; x_wconf 82' lang='lat' dir='ltr'>Tandem</span> <span class='ocrx_word' id='word_1_136' title='bbox 418 1114 466 1144; x_wconf 87' lang='lat' dir='ltr'>ira</span> <span class='ocrx_word' id='word_1_137' title='bbox 489 1113 652 1152; x_wconf 81' lang='lat' dir='ltr'>gentilium</span> 
     </span>
     <span class='ocr_line' id='line_1_20' title="bbox 252 1159 675 1200; baseline -0.002 -7"><span class='ocrx_word' id='word_1_138' title='bbox 252 1161 305 1193; x_wconf 86' lang='lat' dir='ltr'>Ad</span> <span class='ocrx_word' id='word_1_139' title='bbox 329 1160 505 1200; x_wconf 77' lang='lat' dir='ltr'>passionem</span> <span class='ocrx_word' id='word_1_140' title='bbox 530 1159 675 1192; x_wconf 85' lang='lat' dir='ltr'>trahitur.</span> 
     </span>
    </p>
   </div>
   <div class='ocr_carea' id='block_1_8' title="bbox 198 1224 788 1265">
    <p class='ocr_par' dir='ltr' id='par_1_8' title="bbox 198 1224 788 1265">
     <span class='ocr_line' id='line_1_21' title="bbox 198 1224 788 1265; baseline -0.007 -7"><span class='ocrx_word' id='word_1_141' title='bbox 198 1227 228 1258; x_wconf 76' lang='lat'>4.</span> <span class='ocrx_word' id='word_1_142' title='bbox 254 1226 317 1258; x_wconf 87' lang='lat' dir='ltr'>Sed</span> <span class='ocrx_word' id='word_1_143' title='bbox 340 1234 414 1257; x_wconf 70' lang='lat' dir='ltr'>mox</span> <span class='ocrx_word' id='word_1_144' title='bbox 439 1227 608 1265; x_wconf 82' lang='lat' dir='ltr'>praecepto</span> <span class='ocrx_word' id='word_1_145' title='bbox 632 1224 788 1263; x_wconf 87' lang='lat' dir='ltr'>praesulis</span> 
     </span>
    </p>
   </div>
   <div class='ocr_carea' id='block_1_9' title="bbox 254 1270 749 1396">
    <p class='ocr_par' dir='ltr' id='par_1_9' title="bbox 254 1270 749 1396">
     <span class='ocr_line' id='line_1_22' title="bbox 254 1270 674 1311; baseline -0.007 -7"><span class='ocrx_word' id='word_1_146' title='bbox 254 1272 353 1304; x_wconf 87' lang='lat' dir='ltr'>Nodis</span> <span class='ocrx_word' id='word_1_147' title='bbox 379 1274 526 1311; x_wconf 85' lang='lat' dir='ltr'>gravatur</span> <span class='ocrx_word' id='word_1_148' title='bbox 550 1270 674 1310; x_wconf 81' lang='lat' dir='ltr'>ferreis,</span> 
     </span>
     <span class='ocr_line' id='line_1_23' title="bbox 255 1317 749 1356; baseline -0.004 -6"><span class='ocrx_word' id='word_1_149' title='bbox 255 1319 431 1350; x_wconf 85' lang='lat' dir='ltr'>Horrendis</span> <span class='ocrx_word' id='word_1_150' title='bbox 455 1318 576 1350; x_wconf 89' lang='lat' dir='ltr'>umbris</span> <span class='ocrx_word' id='word_1_151' title='bbox 602 1317 749 1356; x_wconf 81' lang='lat' dir='ltr'>carceris,</span> 
     </span>
     <span class='ocr_line' id='line_1_24' title="bbox 256 1363 676 1396; baseline 0 0"><span class='ocrx_word' id='word_1_152' title='bbox 256 1365 358 1396; x_wconf 80' lang='lat' dir='ltr'>Datur</span> <span class='ocrx_word' id='word_1_153' title='bbox 379 1365 412 1396; x_wconf 89' lang='lat' dir='ltr'>in</span> <span class='ocrx_word' id='word_1_154' title='bbox 436 1365 484 1396; x_wconf 90' lang='lat' dir='ltr'>ius</span> <span class='ocrx_word' id='word_1_155' title='bbox 511 1363 676 1396; x_wconf 85' lang='lat' dir='ltr'>carnificis.</span> 
     </span>
    </p>
   </div>
   <div class='ocr_carea' id='block_1_10' title="bbox 871 603 1482 645">
    <p class='ocr_par' dir='ltr' id='par_1_10' title="bbox 871 603 1482 645">
     <span class='ocr_line' id='line_1_25' title="bbox 871 603 1482 645; baseline -0.003 -8"><span class='ocrx_word' id='word_1_156' title='bbox 871 607 900 638; x_wconf 83' lang='lat'>5.</span> <span class='ocrx_word' id='word_1_157' title='bbox 927 606 1025 645; x_wconf 78' lang='lat' dir='ltr'>Quem</span> <span class='ocrx_word' id='word_1_158' title='bbox 1050 603 1158 635; x_wconf 83' lang='lat' dir='ltr'>ferunt</span> <span class='ocrx_word' id='word_1_159' title='bbox 1182 605 1321 636; x_wconf 79' lang='lat' dir='ltr'>vinetum</span> <span class='ocrx_word' id='word_1_160' title='bbox 1348 604 1482 635; x_wconf 90' lang='lat' dir='ltr'>vinculis</span> 
     </span>
    </p>
   </div>
   <div class='ocr_carea' id='block_1_11' title="bbox 929 651 1384 778">
    <p class='ocr_par' dir='ltr' id='par_1_11' title="bbox 929 651 1384 778">
     <span class='ocr_line' id='line_1_26' title="bbox 930 651 1374 691; baseline -0.002 -8"><span class='ocrx_word' id='word_1_161' title='bbox 930 653 1018 684; x_wconf 83' lang='lat' dir='ltr'>Inter</span> <span class='ocrx_word' id='word_1_162' title='bbox 1042 652 1200 691; x_wconf 81' lang='lat' dir='ltr'>pallentes</span> <span class='ocrx_word' id='word_1_163' title='bbox 1225 651 1374 682; x_wconf 82' lang='lat' dir='ltr'>tenebras</span> 
     </span>
     <span class='ocr_line' id='line_1_27' title="bbox 929 700 1384 739; baseline 0 -9"><span class='ocrx_word' id='word_1_164' title='bbox 929 700 1067 739; x_wconf 78' lang='lat' dir='ltr'>Raptam</span> <span class='ocrx_word' id='word_1_165' title='bbox 1093 707 1110 730; x_wconf 90' lang='lat' dir='ltr'>e</span> <span class='ocrx_word' id='word_1_166' title='bbox 1134 707 1224 731; x_wconf 86' lang='lat' dir='ltr'>sacro</span> <span class='ocrx_word' id='word_1_167' title='bbox 1250 707 1384 737; x_wconf 85' lang='lat' dir='ltr'>corpore</span> 
     </span>
     <span class='ocr_line' id='line_1_28' title="bbox 929 746 1352 778; baseline 0 -1"><span class='ocrx_word' id='word_1_168' title='bbox 929 746 1068 778; x_wconf 87' lang='lat' dir='ltr'>Dedisse</span> <span class='ocrx_word' id='word_1_169' title='bbox 1094 746 1180 777; x_wconf 88' lang='lat' dir='ltr'>caelo</span> <span class='ocrx_word' id='word_1_170' title='bbox 1205 746 1352 777; x_wconf 89' lang='lat' dir='ltr'>animam.</span> 
     </span>
    </p>
   </div>
   <div class='ocr_carea' id='block_1_12' title="bbox 897 811 1290 851">
    <p class='ocr_par' dir='ltr' id='par_1_12' title="bbox 897 811 1290 851">
     <span class='ocr_line' id='line_1_29' title="bbox 897 811 1290 851; baseline -0.003 -7"><span class='ocrx_word' id='word_1_171' title='bbox 897 837 904 844; x_wconf 89' lang='lat'>.</span> <span class='ocrx_word' id='word_1_172' title='bbox 932 811 985 843; x_wconf 88' lang='lat' dir='ltr'>Sic</span> <span class='ocrx_word' id='word_1_173' title='bbox 1008 812 1093 843; x_wconf 84' lang='lat' dir='ltr'>inter</span> <span class='ocrx_word' id='word_1_174' title='bbox 1114 812 1290 851; x_wconf 86' lang='lat' dir='ltr'>apostolica</span> 
     </span>
    </p>
   </div>
   <div class='ocr_carea' id='block_1_13' title="bbox 930 859 1371 992">
    <p class='ocr_par' dir='ltr' id='par_1_13' title="bbox 930 859 1371 992">
     <span class='ocr_line' id='line_1_30' title="bbox 930 859 1339 890; baseline 0 0"><span class='ocrx_word' id='word_1_175' title='bbox 930 859 1067 890; x_wconf 83' lang='lat' dir='ltr'>Locatus</span> <span class='ocrx_word' id='word_1_176' title='bbox 1089 859 1153 890; x_wconf 84' lang='lat' dir='ltr'>iam</span> <span class='ocrx_word' id='word_1_177' title='bbox 1178 859 1339 890; x_wconf 81' lang='lat' dir='ltr'>consortia</span> 
     </span>
     <span class='ocr_line' id='line_1_31' title="bbox 932 905 1338 945; baseline -0.002 -8"><span class='ocrx_word' id='word_1_178' title='bbox 932 905 1059 937; x_wconf 86' lang='lat' dir='ltr'>Gaudet</span> <span class='ocrx_word' id='word_1_179' title='bbox 1083 906 1213 937; x_wconf 87' lang='lat' dir='ltr'>caelesti</span> <span class='ocrx_word' id='word_1_180' title='bbox 1235 906 1338 945; x_wconf 84' lang='lat' dir='ltr'>gloria</span> 
     </span>
     <span class='ocr_line' id='line_1_32' title="bbox 930 952 1371 992; baseline 0 -8"><span class='ocrx_word' id='word_1_181' title='bbox 930 952 977 984; x_wconf 86' lang='lat' dir='ltr'>Et</span> <span class='ocrx_word' id='word_1_182' title='bbox 1001 953 1089 984; x_wconf 88' lang='lat' dir='ltr'>clara</span> <span class='ocrx_word' id='word_1_183' title='bbox 1114 952 1234 984; x_wconf 76' lang='lat' dir='ltr'>Christi</span> <span class='ocrx_word' id='word_1_184' title='bbox 1258 953 1371 992; x_wconf 85' lang='lat' dir='ltr'>gratia.</span> 
     </span>
    </p>
   </div>
   <div class='ocr_carea' id='block_1_14' title="bbox 897 1017 1403 1058">
    <p class='ocr_par' dir='ltr' id='par_1_14' title="bbox 897 1017 1403 1058">
     <span class='ocr_line' id='line_1_33' title="bbox 897 1017 1403 1058; baseline -0.002 -7"><span class='ocrx_word' id='word_1_185' title='bbox 897 1045 900 1051; x_wconf 88' lang='lat'>.</span> <span class='ocrx_word' id='word_1_186' title='bbox 930 1017 1075 1057; x_wconf 82' lang='lat' dir='ltr'>Namque</span> <span class='ocrx_word' id='word_1_187' title='bbox 1099 1017 1254 1050; x_wconf 81' lang='lat' dir='ltr'>infulatus</span> <span class='ocrx_word' id='word_1_188' title='bbox 1279 1018 1403 1058; x_wconf 87' lang='lat' dir='ltr'>gemino</span> 
     </span>
    </p>
   </div>
   <div class='ocr_carea' id='block_1_15' title="bbox 930 1065 1394 1190">
    <p class='ocr_par' dir='ltr' id='par_1_15' title="bbox 930 1065 1394 1190">
     <span class='ocr_line' id='line_1_34' title="bbox 930 1065 1394 1104; baseline 0.004 -9"><span class='ocrx_word' id='word_1_189' title='bbox 930 1065 1047 1103; x_wconf 78' lang='lat' dir='ltr'>Fulget</span> <span class='ocrx_word' id='word_1_190' title='bbox 1073 1067 1104 1095; x_wconf 89' lang='lat' dir='ltr'>et</span> <span class='ocrx_word' id='word_1_191' title='bbox 1127 1065 1210 1095; x_wconf 83' lang='lat' dir='ltr'>nitet</span> <span class='ocrx_word' id='word_1_192' title='bbox 1232 1065 1394 1104; x_wconf 86' lang='lat' dir='ltr'>praemio:</span> 
     </span>
     <span class='ocr_line' id='line_1_35' title="bbox 931 1111 1256 1150; baseline 0.003 -8"><span class='ocrx_word' id='word_1_193' title='bbox 931 1111 1128 1143; x_wconf 85' lang='lat' dir='ltr'>Sacerdotali</span> <span class='ocrx_word' id='word_1_194' title='bbox 1153 1111 1256 1150; x_wconf 83' lang='lat' dir='ltr'>titulo,</span> 
     </span>
     <span class='ocr_line' id='line_1_36' title="bbox 934 1156 1289 1190; baseline 0.003 -1"><span class='ocrx_word' id='word_1_195' title='bbox 934 1156 1149 1190; x_wconf 84' lang='lat' dir='ltr'>Confessionis</span> <span class='ocrx_word' id='word_1_196' title='bbox 1175 1159 1289 1190; x_wconf 84' lang='lat' dir='ltr'>merito</span> 
     </span>
    </p>
   </div>
   <div class='ocr_carea' id='block_1_16' title="bbox 895 1223 1328 1264">
    <p class='ocr_par' dir='ltr' id='par_1_16' title="bbox 895 1223 1328 1264">
     <span class='ocr_line' id='line_1_37' title="bbox 895 1223 1328 1264; baseline 0.002 -10"><span class='ocrx_word' id='word_1_197' title='bbox 895 1249 902 1255; x_wconf 93' lang='lat'>.</span> <span class='ocrx_word' id='word_1_198' title='bbox 931 1223 1043 1255; x_wconf 85' lang='lat' dir='ltr'>Gloria</span> <span class='ocrx_word' id='word_1_199' title='bbox 1066 1224 1153 1262; x_wconf 82' lang='lat' dir='ltr'>patri</span> <span class='ocrx_word' id='word_1_200' title='bbox 1176 1228 1328 1264; x_wconf 87' lang='lat' dir='ltr'>personet</span> 
     </span>
    </p>
   </div>
   <div class='ocr_carea' id='block_1_17' title="bbox 930 1270 1354 1401">
    <p class='ocr_par' dir='ltr' id='par_1_17' title="bbox 930 1270 1354 1401">
     <span class='ocr_line' id='line_1_38' title="bbox 932 1270 1306 1311; baseline 0.005 -10"><span class='ocrx_word' id='word_1_201' title='bbox 932 1270 1121 1310; x_wconf 81' lang='lat' dir='ltr'>Christoque</span> <span class='ocrx_word' id='word_1_202' title='bbox 1143 1271 1306 1311; x_wconf 87' lang='lat' dir='ltr'>unigenito</span> 
     </span>
     <span class='ocr_line' id='line_1_39' title="bbox 930 1318 1296 1358; baseline 0.005 -10"><span class='ocrx_word' id='word_1_203' title='bbox 930 1318 1153 1357; x_wconf 84' lang='lat' dir='ltr'>Paraclitoque</span> <span class='ocrx_word' id='word_1_204' title='bbox 1179 1318 1296 1358; x_wconf 87' lang='lat' dir='ltr'>spiritu</span> 
     </span>
     <span class='ocr_line' id='line_1_40' title="bbox 932 1365 1354 1401; baseline 0.007 -6"><span class='ocrx_word' id='word_1_205' title='bbox 932 1365 969 1396; x_wconf 87' lang='lat' dir='ltr'>In</span> <span class='ocrx_word' id='word_1_206' title='bbox 995 1365 1192 1396; x_wconf 87' lang='lat' dir='ltr'>saeculorum</span> <span class='ocrx_word' id='word_1_207' title='bbox 1217 1367 1354 1401; x_wconf 86' lang='lat' dir='ltr'>saecula.</span> 
     </span>
    </p>
   </div>
   <div class='ocr_carea' id='block_1_18' title="bbox 187 1435 1488 1547">
    <p class='ocr_par' dir='ltr' id='par_1_18' title="bbox 187 1435 1488 1547">
     <span class='ocr_line' id='line_1_41' title="bbox 259 1435 1487 1475; baseline 0.002 -10"><span class='ocrx_word' id='word_1_208' title='bbox 259 1439 329 1473; x_wconf 79' lang='lat' dir='ltr'>MT;</span> <span class='ocrx_word' id='word_1_209' title='bbox 350 1438 387 1465; x_wconf 81' lang='lat' dir='ltr'>X.</span> <span class='ocrx_word' id='word_1_210' title='bbox 407 1452 443 1456; x_wconf 92' lang='lat'>—</span> <span class='ocrx_word' id='word_1_211' title='bbox 464 1436 489 1470; x_wconf 89' lang='grc'>5,</span> <span class='ocrx_word' id='word_1_212' title='bbox 507 1436 526 1464; x_wconf 87' lang='lat'>4</span> <span class='ocrx_word' id='word_1_213' title='bbox 544 1437 669 1475; x_wconf 76' lang='lat' dir='ltr'>Dedisse</span> <span class='ocrx_word' id='word_1_214' title='bbox 686 1439 717 1464; x_wconf 89' lang='lat' dir='ltr'>in</span> <span class='ocrx_word' id='word_1_215' title='bbox 736 1438 773 1464; x_wconf 86' lang='lat' dir='ltr'>X.</span> <span class='ocrx_word' id='word_1_216' title='bbox 792 1450 829 1454; x_wconf 89' lang='lat'>—</span> <span class='ocrx_word' id='word_1_217' title='bbox 850 1436 875 1467; x_wconf 80' lang='grc'>7,</span> <span class='ocrx_word' id='word_1_218' title='bbox 896 1435 916 1463; x_wconf 82' lang='grc'>4</span> <span class='ocrx_word' id='word_1_219' title='bbox 934 1437 976 1463; x_wconf 85' lang='lat' dir='ltr'>Et</span> <span class='ocrx_word' id='word_1_220' title='bbox 995 1437 1185 1465; x_wconf 74' lang='lat' dir='ltr'>confessionis</span> <span class='ocrx_word' id='word_1_221' title='bbox 1206 1440 1243 1466; x_wconf 89' lang='lat' dir='ltr'>X.</span> <span class='ocrx_word' id='word_1_222' title='bbox 1263 1454 1301 1458; x_wconf 90' lang='lat'>—</span> <span class='ocrx_word' id='word_1_223' title='bbox 1321 1438 1348 1475; x_wconf 83' lang='lat'>8,</span> <span class='ocrx_word' id='word_1_224' title='bbox 1362 1438 1380 1468; x_wconf 84' lang='lat'><strong>3</strong></span> <span class='ocrx_word' id='word_1_225' title='bbox 1396 1441 1487 1468; x_wconf 79' lang='lat' dir='ltr'>Para-</span> 
     </span>
     <span class='ocr_line' id='line_1_42' title="bbox 187 1472 1488 1514; baseline 0.004 -13"><span class='ocrx_word' id='word_1_226' title='bbox 187 1475 255 1501; x_wconf 83' lang='lat' dir='ltr'>clito</span> <span class='ocrx_word' id='word_1_227' title='bbox 275 1476 391 1510; x_wconf 82' lang='lat' dir='ltr'>spiritui</span> <span class='ocrx_word' id='word_1_228' title='bbox 409 1475 445 1502; x_wconf 83' lang='lat' dir='ltr'>X.</span> <span class='ocrx_word' id='word_1_229' title='bbox 459 1490 496 1494; x_wconf 90' lang='lat'>-—</span> <span class='ocrx_word' id='word_1_230' title='bbox 511 1475 567 1501; x_wconf 78' lang='lat' dir='ltr'>Gfr.</span> <span class='ocrx_word' id='word_1_231' title='bbox 586 1475 626 1501; x_wconf 81' lang='lat' dir='ltr'>M.</span> <span class='ocrx_word' id='word_1_232' title='bbox 646 1473 691 1507; x_wconf 70' lang='lat'>36,</span> <span class='ocrx_word' id='word_1_233' title='bbox 713 1472 786 1510; x_wconf 77' lang='grc'>1198</span> <span class='ocrx_word' id='word_1_234' title='bbox 804 1483 833 1500; x_wconf 83' lang='grc'>11.</span> <span class='ocrx_word' id='word_1_235' title='bbox 854 1472 899 1507; x_wconf 82' lang='grc'>31,</span> <span class='ocrx_word' id='word_1_236' title='bbox 920 1472 990 1510; x_wconf 79' lang='lat'>2553</span> <span class='ocrx_word' id='word_1_237' title='bbox 1010 1475 1121 1509; x_wconf 61' lang='lat' dir='ltr'>Florem,</span> <span class='ocrx_word' id='word_1_238' title='bbox 1142 1476 1265 1512; x_wconf 80' lang='lat' dir='ltr'>Espaiia</span> <span class='ocrx_word' id='word_1_239' title='bbox 1284 1477 1417 1514; x_wconf 81' lang='lat' dir='ltr'>Sagrada</span> <span class='ocrx_word' id='word_1_240' title='bbox 1433 1480 1488 1513; x_wconf 85' lang='lat'>111,</span> 
     </span>
     <span class='ocr_line' id='line_1_43' title="bbox 189 1509 929 1547; baseline 0 -9"><span class='ocrx_word' id='word_1_241' title='bbox 189 1512 287 1540; x_wconf 80' lang='lat' dir='ltr'>XLIII</span> <span class='ocrx_word' id='word_1_242' title='bbox 310 1510 376 1544; x_wconf 80' lang='lat' dir='ltr'>(Str.</span> <span class='ocrx_word' id='word_1_243' title='bbox 398 1510 415 1539; x_wconf 87' lang='lat'><strong>6</strong></span> <span class='ocrx_word' id='word_1_244' title='bbox 434 1512 530 1546; x_wconf 51' lang='lat' dir='ltr'>fehlt„</span> <span class='ocrx_word' id='word_1_245' title='bbox 550 1511 624 1538; x_wconf 82' lang='lat' dir='ltr'>Acta</span> <span class='ocrx_word' id='word_1_246' title='bbox 643 1511 693 1539; x_wconf 83' lang='lat' dir='ltr'>SS.</span> <span class='ocrx_word' id='word_1_247' title='bbox 714 1513 788 1547; x_wconf 85' lang='lat' dir='ltr'>Aug.</span> <span class='ocrx_word' id='word_1_248' title='bbox 809 1511 844 1544; x_wconf 81' lang='lat' dir='ltr'>V,</span> <span class='ocrx_word' id='word_1_249' title='bbox 866 1509 929 1538; x_wconf 90' lang='grc'>109.</span> 
     </span>
    </p>
   </div>
   <div class='ocr_carea' id='block_1_19' title="bbox 603 1620 1059 1660">
    <p class='ocr_par' dir='ltr' id='par_1_19' title="bbox 603 1620 1059 1660">
     <span class='ocr_line' id='line_1_44' title="bbox 603 1620 1059 1660; baseline 0.002 -9"><span class='ocrx_word' id='word_1_250' title='bbox 603 1620 663 1651; x_wconf 87' lang='grc'>126.</span> <span class='ocrx_word' id='word_1_251' title='bbox 693 1620 729 1651; x_wconf 89' lang='grc'>111</span> <span class='ocrx_word' id='word_1_252' title='bbox 749 1621 851 1652; x_wconf 82' lang='lat' dir='ltr'>sancti</span> <span class='ocrx_word' id='word_1_253' title='bbox 871 1621 1059 1660; x_wconf 76' lang='lat' dir='ltr'>Hieronymi.</span> 
     </span>
    </p>
   </div>
   <div class='ocr_carea' id='block_1_20' title="bbox 432 1695 1172 1921">
    <p class='ocr_par' dir='ltr' id='par_1_20' title="bbox 432 1695 1172 1878">
     <span class='ocr_line' id='line_1_45' title="bbox 432 1695 1162 1736; baseline 0.003 -9"><span class='ocrx_word' id='word_1_254' title='bbox 432 1695 462 1727; x_wconf 87' lang='lat'>1.</span> <span class='ocrx_word' id='word_1_255' title='bbox 491 1695 634 1727; x_wconf 88' lang='lat' dir='ltr'>Christus</span> <span class='ocrx_word' id='word_1_256' title='bbox 660 1697 709 1726; x_wconf 86' lang='lat' dir='ltr'>est</span> <span class='ocrx_word' id='word_1_257' title='bbox 732 1695 842 1735; x_wconf 78' lang='lat' dir='ltr'>virtus,</span> <span class='ocrx_word' id='word_1_258' title='bbox 868 1696 969 1734; x_wconf 83' lang='lat' dir='ltr'>patris</span> <span class='ocrx_word' id='word_1_259' title='bbox 995 1696 1162 1736; x_wconf 74' lang='lat' dir='ltr'>sapientia,</span> 
     </span>
     <span class='ocr_line' id='line_1_46' title="bbox 488 1741 1127 1784; baseline 0.005 -12"><span class='ocrx_word' id='word_1_260' title='bbox 488 1741 623 1773; x_wconf 85' lang='lat' dir='ltr'>Cunctos</span> <span class='ocrx_word' id='word_1_261' title='bbox 647 1742 700 1781; x_wconf 89' lang='lat' dir='ltr'>qui</span> <span class='ocrx_word' id='word_1_262' title='bbox 724 1742 827 1781; x_wconf 86' lang='lat' dir='ltr'>replet</span> <span class='ocrx_word' id='word_1_263' title='bbox 850 1743 989 1782; x_wconf 88' lang='lat' dir='ltr'>spiritali</span> <span class='ocrx_word' id='word_1_264' title='bbox 1013 1744 1127 1784; x_wconf 82' lang='lat' dir='ltr'>gratia,</span> 
     </span>
     <span class='ocr_line' id='line_1_47' title="bbox 487 1789 1172 1829; baseline 0.001 -7"><span class='ocrx_word' id='word_1_265' title='bbox 487 1789 534 1822; x_wconf 82' lang='lat' dir='ltr'>Ut</span> <span class='ocrx_word' id='word_1_266' title='bbox 556 1789 679 1828; x_wconf 83' lang='lat' dir='ltr'>possint</span> <span class='ocrx_word' id='word_1_267' title='bbox 702 1789 802 1829; x_wconf 86' lang='lat' dir='ltr'>probe</span> <span class='ocrx_word' id='word_1_268' title='bbox 828 1789 973 1829; x_wconf 87' lang='lat' dir='ltr'>digerere</span> <span class='ocrx_word' id='word_1_269' title='bbox 996 1791 1172 1823; x_wconf 88' lang='lat' dir='ltr'>normulam</span> 
     </span>
     <span class='ocr_line' id='line_1_48' title="bbox 487 1835 1088 1878; baseline 0.005 -12"><span class='ocrx_word' id='word_1_270' title='bbox 487 1835 532 1867; x_wconf 77' lang='lat' dir='ltr'>Et</span> <span class='ocrx_word' id='word_1_271' title='bbox 553 1835 767 1875; x_wconf 78' lang='lat' dir='ltr'>proximorum</span> <span class='ocrx_word' id='word_1_272' title='bbox 790 1836 955 1868; x_wconf 84' lang='lat' dir='ltr'>illustrare</span> <span class='ocrx_word' id='word_1_273' title='bbox 979 1846 1088 1878; x_wconf 85' lang='lat' dir='ltr'>opaca,</span> 
     </span>
    </p>

    <p class='ocr_par' dir='ltr' id='par_1_21' title="bbox 488 1881 1115 1921">
     <span class='ocr_line' id='line_1_49' title="bbox 488 1881 1115 1921; baseline 0.005 -7"><span class='ocrx_word' id='word_1_274' title='bbox 488 1881 533 1914; x_wconf 86' lang='lat' dir='ltr'>Ut</span> <span class='ocrx_word' id='word_1_275' title='bbox 558 1882 652 1921; x_wconf 86' lang='lat' dir='ltr'>digne</span> <span class='ocrx_word' id='word_1_276' title='bbox 675 1883 799 1921; x_wconf 76' lang='lat' dir='ltr'>possint</span> <span class='ocrx_word' id='word_1_277' title='bbox 822 1882 930 1915; x_wconf 85' lang='lat' dir='ltr'>fruere</span> <span class='ocrx_word' id='word_1_278' title='bbox 955 1884 1115 1918; x_wconf 81' lang='lat' dir='ltr'>caelestia.</span> 
     </span>
    </p>
   </div>
   <div class='ocr_carea' id='block_1_21' title="bbox 431 1946 1197 2178">
    <p class='ocr_par' dir='ltr' id='par_1_22' title="bbox 431 1946 1197 2178">
     <span class='ocr_line' id='line_1_50' title="bbox 431 1946 1043 1989; baseline 0.003 -10"><span class='ocrx_word' id='word_1_279' title='bbox 431 1948 463 1980; x_wconf 87' lang='lat'>2.</span> <span class='ocrx_word' id='word_1_280' title='bbox 488 1946 592 1986; x_wconf 87' lang='lat' dir='ltr'>Ipsius</span> <span class='ocrx_word' id='word_1_281' title='bbox 619 1947 699 1978; x_wconf 91' lang='lat' dir='ltr'>dono</span> <span class='ocrx_word' id='word_1_282' title='bbox 724 1946 876 1986; x_wconf 80' lang='lat' dir='ltr'>perflatus</span> <span class='ocrx_word' id='word_1_283' title='bbox 902 1950 1043 1989; x_wconf 87' lang='lat' dir='ltr'>egregius</span> 
     </span>
     <span class='ocr_line' id='line_1_51' title="bbox 489 1993 1130 2039; baseline 0.008 -15"><span class='ocrx_word' id='word_1_284' title='bbox 489 1993 570 2025; x_wconf 89' lang='lat' dir='ltr'>Olim</span> <span class='ocrx_word' id='word_1_285' title='bbox 594 1993 647 2024; x_wconf 88' lang='lat' dir='ltr'>hic</span> <span class='ocrx_word' id='word_1_286' title='bbox 671 1996 759 2025; x_wconf 83' lang='lat' dir='ltr'>vates</span> <span class='ocrx_word' id='word_1_287' title='bbox 783 1995 909 2026; x_wconf 87' lang='lat' dir='ltr'>nomine</span> <span class='ocrx_word' id='word_1_288' title='bbox 935 1996 1130 2039; x_wconf 75' lang='lat' dir='ltr'>leronymus,</span> 
     </span>
     <span class='ocr_line' id='line_1_52' title="bbox 490 2040 1171 2086; baseline 0.01 -16"><span class='ocrx_word' id='word_1_289' title='bbox 490 2040 639 2072; x_wconf 88' lang='lat' dir='ltr'>Omnibus</span> <span class='ocrx_word' id='word_1_290' title='bbox 663 2043 755 2072; x_wconf 82' lang='lat' dir='ltr'>notus</span> <span class='ocrx_word' id='word_1_291' title='bbox 782 2041 995 2074; x_wconf 77' lang='lat' dir='ltr'>doctrinarum</span> <span class='ocrx_word' id='word_1_292' title='bbox 1020 2043 1171 2086; x_wconf 82' lang='lat' dir='ltr'>fontibus,</span> 
     </span>
     <span class='ocr_line' id='line_1_53' title="bbox 490 2086 1197 2134; baseline 0.011 -17"><span class='ocrx_word' id='word_1_293' title='bbox 490 2086 624 2118; x_wconf 87' lang='lat' dir='ltr'>Cunctos</span> <span class='ocrx_word' id='word_1_294' title='bbox 647 2087 782 2127; x_wconf 88' lang='lat' dir='ltr'>irrigans</span> <span class='ocrx_word' id='word_1_295' title='bbox 808 2097 847 2121; x_wconf 80' lang='lat' dir='ltr'>ex</span> <span class='ocrx_word' id='word_1_296' title='bbox 872 2090 962 2121; x_wconf 89' lang='lat' dir='ltr'>almis</span> <span class='ocrx_word' id='word_1_297' title='bbox 989 2091 1197 2134; x_wconf 85' lang='lat' dir='ltr'>dogmatibus,</span> 
     </span>
     <span class='ocr_line' id='line_1_54' title="bbox 487 2133 1171 2178; baseline 0.01 -14"><span class='ocrx_word' id='word_1_298' title='bbox 487 2133 534 2165; x_wconf 86' lang='lat' dir='ltr'>Ut</span> <span class='ocrx_word' id='word_1_299' title='bbox 557 2134 604 2165; x_wconf 89' lang='lat' dir='ltr'>sol</span> <span class='ocrx_word' id='word_1_300' title='bbox 628 2134 812 2173; x_wconf 87' lang='lat' dir='ltr'>resplendet</span> <span class='ocrx_word' id='word_1_301' title='bbox 834 2136 867 2167; x_wconf 93' lang='lat' dir='ltr'>in</span> <span class='ocrx_word' id='word_1_302' title='bbox 893 2140 964 2168; x_wconf 90' lang='lat' dir='ltr'>ortu</span> <span class='ocrx_word' id='word_1_303' title='bbox 988 2138 1171 2178; x_wconf 87' lang='lat' dir='ltr'>ignicomus.</span> 
     </span>
    </p>
   </div>
   <div class='ocr_carea' id='block_1_22' title="bbox 432 2199 1135 2434">
    <p class='ocr_par' dir='ltr' id='par_1_23' title="bbox 432 2199 1135 2434">
     <span class='ocr_line' id='line_1_55' title="bbox 432 2199 1111 2245; baseline 0.007 -13"><span class='ocrx_word' id='word_1_304' title='bbox 432 2201 463 2232; x_wconf 85' lang='lat'>3.</span> <span class='ocrx_word' id='word_1_305' title='bbox 489 2199 552 2231; x_wconf 79' lang='lat' dir='ltr'>Hie</span> <span class='ocrx_word' id='word_1_306' title='bbox 574 2200 686 2238; x_wconf 88' lang='lat' dir='ltr'>procul</span> <span class='ocrx_word' id='word_1_307' title='bbox 708 2204 820 2233; x_wconf 83' lang='lat' dir='ltr'>cuncta</span> <span class='ocrx_word' id='word_1_308' title='bbox 844 2204 962 2234; x_wconf 87' lang='lat' dir='ltr'>saeculi</span> <span class='ocrx_word' id='word_1_309' title='bbox 986 2205 1111 2245; x_wconf 81' lang='lat' dir='ltr'>negotia</span> 
     </span>
     <span class='ocr_line' id='line_1_56' title="bbox 491 2246 1135 2290; baseline 0.012 -13"><span class='ocrx_word' id='word_1_310' title='bbox 491 2246 678 2278; x_wconf 86' lang='lat' dir='ltr'>Percalcans</span> <span class='ocrx_word' id='word_1_311' title='bbox 697 2248 780 2286; x_wconf 86' lang='lat' dir='ltr'>pede</span> <span class='ocrx_word' id='word_1_312' title='bbox 804 2249 891 2281; x_wconf 86' lang='lat' dir='ltr'>velut</span> <span class='ocrx_word' id='word_1_313' title='bbox 917 2252 1135 2290; x_wconf 69' lang='lat' dir='ltr'>espuroissima</span> 
     </span>
     <span class='ocr_line' id='line_1_57' title="bbox 490 2293 1056 2339; baseline 0.009 -13"><span class='ocrx_word' id='word_1_314' title='bbox 490 2293 693 2326; x_wconf 87' lang='lat' dir='ltr'>Dedecorosa</span> <span class='ocrx_word' id='word_1_315' title='bbox 714 2296 897 2336; x_wconf 79' lang='lat' dir='ltr'>respuitque</span> <span class='ocrx_word' id='word_1_316' title='bbox 921 2300 1056 2339; x_wconf 85' lang='lat' dir='ltr'>saecula,</span> 
     </span>
     <span class='ocr_line' id='line_1_58' title="bbox 488 2341 1076 2387; baseline 0.014 -16"><span class='ocrx_word' id='word_1_317' title='bbox 488 2341 587 2373; x_wconf 88' lang='lat' dir='ltr'>Alens</span> <span class='ocrx_word' id='word_1_318' title='bbox 611 2341 739 2381; x_wconf 88' lang='lat' dir='ltr'>inopum</span> <span class='ocrx_word' id='word_1_319' title='bbox 764 2351 922 2383; x_wconf 86' lang='lat' dir='ltr'>egenaque</span> <span class='ocrx_word' id='word_1_320' title='bbox 946 2346 1076 2387; x_wconf 86' lang='lat' dir='ltr'>viscera,</span> 
     </span>
     <span class='ocr_line' id='line_1_59' title="bbox 490 2388 1095 2434; baseline 0.013 -15"><span class='ocrx_word' id='word_1_321' title='bbox 490 2388 559 2420; x_wconf 86' lang='lat' dir='ltr'>Sibi</span> <span class='ocrx_word' id='word_1_322' title='bbox 583 2391 712 2421; x_wconf 88' lang='lat' dir='ltr'>aeterna</span> <span class='ocrx_word' id='word_1_323' title='bbox 736 2390 901 2430; x_wconf 87' lang='lat' dir='ltr'>acquirens</span> <span class='ocrx_word' id='word_1_324' title='bbox 926 2393 1095 2434; x_wconf 87' lang='lat' dir='ltr'>stipendia.</span> 
     </span>
    </p>
   </div>
  </div>
 </body>
</html>
