1650 2610
638 109 893 145 ν--138-ί

196 214 260 243 ΜΟ.
279 228 318 234 —
338 210 363 247 1,
385 211 401 240 1
424 211 578 247 properate
595 208 729 234 mentem.
755 218 794 223 --
817 199 844 234 2,
865 199 884 227 2
902 199 1015 227 Habiet
1038 197 1144 226 aulam.
1164 210 1202 216 ———
1221 192 1249 228 3,
1271 191 1287 220 1
1307 190 1419 234 Fidelis

123 253 183 281 loci
201 251 381 288 adgrababit.
401 264 441 269 —
459 245 486 283 3,
506 245 524 275 3
545 241 696 280 Ort[atur].
715 256 754 260 -——
772 238 798 274 4,
819 238 832 267 1
855 245 958 266 ornare
970 238 1061 264 iubet.
1075 250 1114 254 -—
1126 232 1153 270 4,
1170 232 1188 261 2
1209 232 1302 268 Opem
1314 228 1420 256 fefellit

122 298 215 326 quem.
234 304 273 308 ——
297 287 323 322 5,
344 285 362 315 3
386 288 472 322 regis.
497 298 537 304 —-
562 282 588 317 6,
608 280 627 309 4
650 281 779 308 Exn-eno
805 276 914 304 dolore.
938 289 977 295 ——
1002 271 1046 307 11,
1068 271 1084 302 1
1115 272 1201 300 turbo
1227 269 1357 305 aspectu.
1381 280 1421 284 —

121 326 165 363 11,
186 325 204 355 3
223 327 374 355 Onusmm.
393 339 431 344 --
450 321 495 358 12,
517 319 536 349 2
556 315 812 349 Unversffinfflieh.

196 374 268 401 Zum
286 371 476 401 Versffindnis
497 370 547 397 cfr.
566 368 641 395 Aeta
659 365 711 393 SS.
730 364 794 391 Ian.
813 361 868 395 111,
891 358 945 387 185
965 367 1028 396 sqq.

520 513 565 546 96.
594 513 628 544 In
650 510 753 544 saneti
772 507 1016 540 Bartholomaei.

381 614 413 646 1.
438 612 570 645 Aeterni
594 610 699 650 proles
723 608 824 648 patris
850 610 882 639 et
905 605 1019 647 inoliti,

437 659 573 700 Compar
597 660 628 688 et
651 657 701 689 illi
725 663 794 687 esse
818 655 872 695 qui
895 653 1049 691 nosceriS,

437 707 574 747 Spiritus
599 705 690 744 alme,
718 707 838 735 certam
863 700 1039 742 potentiam

438 754 562 786 Tenens
586 761 645 793 per
669 760 781 784 aevum
803 749 901 782 rebus
923 749 958 779 in
982 745 1139 779 omnibus.

383 841 414 872 2.
440 837 711 876 Bartholomaeus,
737 843 820 876 ecce,
848 833 1023 872 discipulus

440 886 524 917 Tuus
550 884 590 916 ab
614 884 699 915 intus
724 884 851 914 sanetus
878 884 910 912 et
934 878 1040 919 eforis‚

441 932 666 972 Apostolorum
690 932 778 961 sorte
805 927 968 967 mirificus,

442 979 545 1019 Nune,
570 986 654 1017 ecce,
680 975 781 1016 fulget
802 975 931 1006 aethere
950 972 1109 1019 sublimis.

444 1063 538 1095 Cuius
565 1062 670 1093 dicata
694 1060 777 1092 festa
796 1068 832 1092 se
857 1059 1018 1098 prodeunt

444 1110 537 1141 Nune
561 1112 594 1139 et
616 1107 750 1147 perenni
774 1114 905 1137 munere
927 1106 1063 1145 populos

443 1157 538 1189 Certe
562 1153 704 1187 refovent
729 1162 789 1185 neo
812 1163 874 1185 non
901 1155 933 1184 et
956 1152 1102 1184 imbuunt

445 1203 572 1235 Caduca
596 1202 692 1234 saecli
717 1205 858 1232 temnere
882 1198 1020 1232 fortiter.

386 1065 415 1097 92

384 1290 415 1321 4.
447 1288 543 1320 Cuius
567 1289 712 1328 precatu,
737 1285 882 1317 sublimis
906 1283 1065 1326 pontifex,

446 1335 524 1366 Tete
548 1342 694 1374 rogamus
718 1332 835 1364 infirmi
859 1331 987 1371 servuli,

447 1381 568 1413 Probra
593 1381 743 1421 dimittas,
772 1387 903 1411 munera
926 1379 1091 1417 praebeas,

447 1429 516 1460 Tua
540 1428 582 1460 sit
606 1427 709 1467 gratia
731 1426 856 1458 miseris
882 1425 1027 1458 servulis.

393 1515 423 1547 5.
449 1512 701 1551 Bartholomaee,
726 1513 849 1549 martyr
873 1510 1026 1551 apostole,

449 1560 589 1599 Dignare
613 1558 703 1590 nobis
729 1566 798 1589 esse
822 1566 882 1597 per
906 1557 1012 1589 omnia

453 1607 565 1639 Saecla
588 1608 740 1645 patronus
766 1608 799 1636 et
822 1604 896 1636 fave
921 1612 1051 1637 cernuos

452 1653 582 1693 Nosque
603 1653 714 1685 beatos
738 1651 831 1683 effice
854 1652 1008 1684 servulos

398 1741 428 1774 6.
455 1739 515 1770 Tui
538 1740 684 1779 precatus
708 1738 811 1778 gratia
835 1737 949 1777 faveat,

458 1786 540 1824 Quos
566 1785 767 1825 obsequelam
793 1784 949 1824 conspicis
974 1783 1093 1816 affatim

456 1832 531 1864 Tibi
555 1832 683 1864 dedisse
706 1832 867 1872 supplices
892 1840 1028 1864 annuam

459 1879 559 1911 Cursu
582 1878 718 1911 labentis
743 1882 886 1918 tempore
910 1878 1038 1911 saeculi.

403 1966 434 1997 7.
460 1963 509 1995 Sit
525 1963 586 1994 tibi
607 1964 688 2003 laus,
712 1962 847 2003 Christe,
872 1972 932 2002 per
956 1964 1070 2001 omnia,

459 2011 597 2041 Aeterno
621 2010 708 2049 patri
731 2010 834 2050 sitque
857 2011 1011 2050 potentia,

462 2056 511 2088 Sit
543 2057 624 2088 dono
657 2065 778 2096 quoque
809 2057 910 2096 gloria
941 2056 1108 2098 perpetim,

464 2104 555 2137 Unus
580 2102 633 2143 qui
656 2103 739 2142 regis
764 2104 869 2135 omnia
892 2103 1029 2137 saecula.

220 2209 275 2242 Te3
305 2208 341 2236 X.
371 2222 410 2227 --
439 2204 465 2240 1,
487 2205 502 2234 1
527 2205 630 2233 ineiite
651 2207 708 2239 To,
736 2205 775 2232 X.
799 2221 838 2227 ν·-
865 2205 889 2239 1,
910 2205 928 2235 3
955 2207 1025 2235 almi
1042 2208 1094 2239 To,
1125 2210 1155 2235 et
1173 2207 1245 2235 almi
1263 2208 1301 2235 X.
1322 2223 1359 2227 -—
1378 2205 1406 2241 2,
1426 2205 1445 2234 2

147 2246 249 2274 efferus
268 2246 317 2280 Te,
338 2246 379 2282 X;
400 2245 453 2273 lies
472 2243 623 2272 vielleicht
641 2243 755 2271 deforis.
771 2259 808 2263 -—
828 2241 854 2277 3,
875 2242 893 2271 3
912 2245 1044 2274 refobent
1056 2246 1112 2281 Ἕως
1133 2244 1269 2273 refovant
1280 2245 1318 2273 X.
1332 2259 1370 2264 —-
1385 2243 1412 2281 3,
1426 2244 1446 2273 4

147 2284 257 2312 saeculi
276 2285 318 2311 To
336 2284 373 2311 X.
392 2298 431 2302 —
449 2281 475 2317 4,
499 2281 513 2310 1
535 2281 660 2309 sublime
680 2281 730 2314 Te,
750 2282 787 2309 X.
807 2297 846 2303 -—
863 2280 892 2316 4,
912 2281 932 2310 4
952 2282 998 2311 Ad
1012 2285 1107 2319 sitque
1127 2285 1180 2311 tua
1200 2284 1296 2320 gratia
1317 2284 1442 2311 servulis

147 2323 263 2350 miseris
281 2323 319 2350 X.
332 2336 369 2340 —
389 2320 416 2355 5,
429 2319 448 2349 3
468 2319 594 2349 Saecula
611 2319 649 2346 X.
668 2334 707 2339 ——
718 2318 746 2354 6,
762 2317 778 2346 1
798 2322 918 2356 precatu
929 2321 979 2355 Te,
999 2320 1036 2349 X.
1051 2336 1089 2341 —
1103 2320 1130 2354 6,
1144 2319 1163 2349 3
1180 2329 1279 2349 annua
1291 2321 1343 2356 Te,
1355 2321 1394 2350 X.
1408 2335 1447 2341 -—

149 2357 176 2393 6,
195 2358 215 2388 4
233 2362 364 2396 tempora
382 2360 418 2387 X.
439 2375 476 2380 -
496 2357 521 2393 7,
543 2356 560 2385 2
580 2366 637 2394 que
655 2357 729 2386 fehlt
746 2357 783 2385 X.
802 2372 840 2378 »-
859 2357 909 2387 Gfr
927 2359 1028 2395 Migne
1046 2357 1092 2393 86,
1116 2357 1198 2387 1191.
