1650 2610
723 129 977 164 -214—

230 232 262 264 3.
285 231 353 263 Iste
374 230 465 269 virgo
490 229 648 261 exstitisse
922 223 952 255 7,
978 219 1198 272 Septemdenis
1223 218 1313 272 annis
1339 216 1422 249 vixit

329 279 452 309 iunctus
472 285 544 308 nam
571 272 741 305 caelibibus
1025 267 1075 298 bis
1101 268 1220 300 duo-m
1246 265 1346 302 anda,

285 324 359 356 Sine
385 324 514 355 crimine
537 320 667 354 servivit
979 313 1095 346 Sancto
1121 313 1300 353 spirituque
1324 311 1437 351 plenus

330 371 464 403 Domino
488 370 521 400 in
546 367 707 406 omnibu53
1026 361 1106 392 obiit
1130 361 1164 392 in
1189 359 1351 400 Bithynia,

284 417 338 449 Sic
360 428 381 450 a
403 417 472 448 Deo
497 416 644 447 diadema
977 409 1056 441 Post
1078 407 1212 448 impleta
1238 406 1358 440 Christi
1382 405 1469 437 iussa

329 464 444 502 accipit
469 462 602 494 felicius,
1026 456 1171 495 possidet
1196 454 1357 486 caelestia.

228 541 259 572 4.
285 539 399 571 Sancto
424 538 538 577 spiritu
562 536 733 575 instigante
920 534 950 566 8.
979 531 1073 563 Unde
1095 534 1128 562 te
1152 538 1329 570 precamur,
1356 528 1493 569 Christe,

329 587 361 617 in
387 585 527 616 Achaiae
551 582 696 623 partibus
1026 581 1136 610 auctor
1161 576 1358 615 fidelissime,

281 631 487 671 Evangelium
513 629 683 669 descripsit
979 625 1024 658 Ut
1047 634 1106 666 per
1132 625 1198 657 eius
1223 625 1427 664 impetratum

330 678 475 718 plebibus
498 676 656 715 fidelibus,
1028 681 1189 704 careamus
1213 672 1344 704 crimine

283 725 370 763 Quod
398 724 489 756 discit
515 734 535 756 a
554 723 652 757 Paulo
674 723 802 754 missum
979 722 1023 752 Εἰ
1048 729 1105 759 per
1129 719 1219 751 illum
1243 722 1276 750 te
1301 718 1444 750 fruamur

330 772 455 811 optimis
479 771 512 803 in
536 770 691 802 manibus.
1025 766 1117 799 firma
1141 766 1349 798 beatitudine.

227 848 256 878 5.
283 847 459 885 Posteaque
484 845 627 877 exaravit
923 844 954 876 9.
982 842 1030 874 Sit
1055 851 1113 881 per
1138 842 1204 873 eius
1229 842 1441 874 interventum

332 897 419 925 actus
445 891 650 932 apostolicos3
1028 898 1104 921 vera
1128 887 1309 920 infidelibus

283 941 365 972 Nam
389 940 420 970 in
447 939 575 971 civitate
599 938 718 970 Romae
981 936 1087 979 Fides,
1114 935 1253 975 fideique
1277 935 1370 972 firma

331 987 372 1018 ad
400 986 557 1018 docendos
581 985 715 1024 populos
1027 984 1146 1015 veritas
1170 983 1384 1021 credentibuS‚

289 1033 442 1073 Perquam
469 1035 500 1064 et
524 1031 660 1072 perfecit
683 1032 782 1063 almos
983 1029 1071 1061 Nihil
1095 1030 1171 1062 mali
1195 1030 1388 1062 arbitrantes

331 1080 473 1119 placidos
499 1079 679 1111 catholicos.
1026 1077 1060 1108 in
1085 1086 1212 1109 suorum
1239 1076 1399 1109 cordibus.

229 1155 258 1185 6.
284 1155 345 1186 Hic
372 1154 447 1185 civis
472 1153 688 1186 Antiochenus
899 1155 952 1186 10.
980 1153 1029 1185 Sit
1053 1156 1159 1185 terrae
1184 1162 1257 1193 pax,
1284 1154 1327 1184 sit
1351 1153 1459 1183 suavis

334 1200 448 1240 Lucas,
474 1204 543 1232 arte
566 1201 718 1240 medicus,
1029 1200 1168 1232 moribus
1193 1201 1376 1240 temperies,

285 1248 406 1279 Rursus
432 1251 461 1278 et
487 1248 630 1279 alumnus
657 1247 766 1279 doctor
983 1247 1193 1286 Duplicentur
1218 1248 1287 1287 agri
1311 1255 1430 1278 messes

331 1294 442 1334 gregis,
468 1303 538 1326 nam
565 1295 760 1326 sermonibus
1029 1296 1154 1326 centvm
1179 1303 1303 1334 quoque
1323 1295 1453 1334 septies,

284 1341 398 1380 Aegris
426 1342 514 1372 dedit
537 1341 721 1379 sospitatem
982 1340 1031 1372 Sit
1056 1341 1218 1374 catholicis
1246 1341 1404 1373 defunctis

332 1387 480 1418 membris
506 1391 537 1418 et
561 1387 736 1427 spiritibus,
1030 1389 1224 1428 sempiterna
1249 1389 1385 1429 requies.

292 1469 328 1496 X.
355 1484 391 1488 —-
415 1466 442 1502 3,
465 1468 480 1496 1
503 1470 570 1497 Lies
595 1470 757 1497 vielleicht:
787 1472 881 1498 exstat
907 1472 1033 1505 Christi3
1062 1472 1131 1500 oder
1150 1473 1192 1499 ist
1211 1472 1261 1500 der
1279 1472 1417 1500 Infinitiv
1437 1475 1513 1499 etwa

215 1506 289 1532 nach
313 1506 507 1541 griechischcr
526 1507 580 1534 Art
603 1506 673 1534 final
699 1517 736 1535 zu
763 1507 879 1535 fas-sen?
908 1524 945 1527 —
970 1507 997 1540 4,
1021 1507 1038 1536 5
1064 1510 1143 1537 dicit.
1173 1524 1211 1529 —-
1230 1509 1257 1542 4,
1280 1509 1296 1537 6
1317 1509 1372 1537 Vel
1393 1511 1509 1537 missus.

215 1543 297 1570 Auch
328 1544 374 1571 die
407 1544 573 1580 vorgelegtc
601 1544 755 1572 Coniectur
787 1545 894 1573 hehobt
918 1545 1001 1574 nicht
1026 1547 1092 1581 Jede
1118 1547 1357 1583 Schwierigkcit.
1385 1562 1422 1566 —
1448 1547 1476 1582 5,
1498 1546 1514 1575 1

217 1580 380 1617 Posteaque
392 1589 524 1617 namque.
538 1597 571 1601 —
583 1580 609 1612 5,
622 1580 641 1608 4
655 1582 711 1609 Per
725 1591 825 1618 quem3
839 1583 989 1611 vielleicht
1002 1585 1050 1611 ein
1064 1585 1306 1620 entsprechendes
1316 1585 1465 1613 Verbum?
1480 1600 1517 1604 —

217 1616 243 1648 6.
265 1616 282 1644 5
301 1619 391 1655 At1-is3
418 1619 566 1647 vlelleicht
585 1619 652 1647 altis
673 1628 712 1647 sc.
740 1621 931 1649 sermonibus.
963 1638 966 1639 ν
1019 1621 1044 1654 7,
1065 1621 1085 1649 4
1110 1623 1184 1651 obiit
1210 1626 1240 1650 et
1264 1625 1304 1650 in.
1328 1636 1361 1642 -—
1384 1621 1410 1657 9,
1431 1621 1449 1649 2
1469 1624 1514 1650 in-

216 1654 352 1683 fidelium.
366 1670 401 1675 -ν-
417 1654 443 1689 9,
459 1655 479 1684 4
498 1657 688 1691 credentium3
710 1658 794 1686 Reim
814 1658 874 1685 und
888 1658 959 1686 Sinn
980 1660 1121 1694 spreehen
1141 1660 1222 1687 mehr
1234 1661 1281 1688 fiir
1295 1661 1349 1689 den
1368 1661 1467 1688 Dativ.
1478 1676 1517 1680 —

220 1691 261 1726 10,
285 1691 298 1720 1
321 1697 416 1721 terrae
441 1703 506 1721 suat
531 1702 602 1729 pax;
631 1697 670 1722 sit
688 1697 789 1724 suavis
808 1696 889 1723 fehlt.
909 1712 947 1716 —
968 1695 1011 1730 10,
1036 1695 1053 1724 6
1073 1698 1183 1734 gloria3
1211 1699 1262 1726 der
1281 1699 1399 1727 fiberall
1419 1708 1516 1735 genau

218 1729 432 1767 durchgesiihrtc
456 1732 540 1759 Reim
560 1732 693 1768 vcrlangt
711 1735 836 1769 requies.
850 1749 886 1753 —
903 1735 963 1762 Der
983 1735 1117 1770 Hymnus
1137 1738 1178 1763 ist
1195 1737 1304 1764 wieder
1325 1738 1375 1765 ein
1393 1737 1516 1772 Beweis,

217 1768 324 1795 welche
351 1769 609 1805 Schwierigkeiten
639 1770 701 1797 sich
736 1772 778 1799 ost
811 1773 947 1808 orgeben,
980 1781 1065 1800 wenu
1090 1773 1165 1801 nach
1193 1775 1221 1802 X
1249 1775 1341 1802 allein
1366 1774 1417 1802 der
1443 1776 1519 1802 Text

218 1806 375 1840 irgendwic
394 1808 563 1841 geniessbar
582 1808 719 1843 gestaltet
737 1809 852 1836 werden
872 1810 936 1837 soll.
951 1825 987 1830 -
1010 1811 1065 1838 Ofr.
1086 1813 1187 1848 Migne
1206 1810 1251 1846 86,
1275 1810 1362 1847 12223
1384 1813 1517 1840 daselbst

217 1843 257 1869 ist
281 1844 336 1870 Str.
358 1842 374 1871 9
394 1845 442 1870 ein
461 1846 667 1873 inter-essantes
689 1847 825 1883 Beispiel,
851 1849 904 1875 mit
927 1848 1066 1876 welchem
1087 1848 1181 1877 Gliick
1201 1850 1375 1878 Lorenzaua
1400 1851 1517 1878 stellen-

217 1881 305 1907 weise
323 1881 379 1908 den
397 1881 472 1908 Text
490 1882 647 1910 heliandelt
665 1884 723 1911 hat.
764 1883 814 1912 Sie
832 1885 938 1913 lautet:

480 1928 528 1956 Sit
545 1938 595 1964 per
616 1931 679 1957 eius
699 1932 895 1959 inteiventum
931 1941 1003 1961 vera
1021 1933 1185 1962 infidelium
1202 1934 1276 1963 fides

478 1967 620 2003 Fideique
638 1966 721 1995 firma
738 1970 847 1996 veritas
889 1971 1066 1999 credentium
1086 1973 1196 2008 polleat

478 2004 560 2031 Nihil
580 2004 650 2031 mali
671 2006 843 2034 arbitrantes
882 2010 911 2035 in
933 2017 1052 2037 suorum
1072 2011 1217 2038 cordibus.

645 2151 707 2183 150.
737 2152 772 2183 In
793 2153 894 2184 sancti
913 2155 1092 2188 Mammetis.

232 2239 261 2270 1.
288 2239 428 2278 Festum,
453 2239 557 2279 turba,
582 2240 822 2281 sanctissimum,
907 2246 938 2277 2.
965 2244 1129 2289 Mammes,
1157 2256 1237 2286 puer
1262 2249 1481 2283 sanctissimus

290 2286 448 2326 Hymnum
476 2286 616 2319 dicamus
638 2286 785 2331 Domino,
963 2291 1008 2322 Et
1031 2294 1141 2326 unicus
1166 2296 1364 2335 parentibus,

291 2333 349 2372 Qui
382 2336 524 2365 sanctum
550 2343 639 2367 suum
664 2339 837 2376 martyrem
970 2339 1151 2373 Adhaeruit
1176 2343 1384 2384 convallibus,

293 2379 426 2421 Collegit
450 2381 534 2413 inter
559 2382 695 2422 angelos.
972 2386 1131 2420 Successit
1157 2397 1226 2421 cum
1252 2391 1432 2429 pecoribus.
