1650 2610
413 1211 467 1244 10.

417 1409 471 1441 11.

415 1608 470 1640 12.

414 1806 468 1838 13.

415 2005 470 2039 14.

412 2206 466 2239 15.

698 127 957 163 —135—

462 248 470 256 .
496 221 653 255 Refutans
677 232 814 264 namque
840 224 989 265 dogmata
1012 233 1164 265 perversa

493 270 614 302 Rerum
638 270 759 303 fatetur
780 272 919 303 omnium
943 275 1115 312 auctorem,

495 316 581 350 Celsi
605 318 748 358 parentis
774 322 973 351 coaeternam
998 319 1122 360 prolem

639 364 757 398 Orbem
781 374 918 399 creasse.

462 446 470 454 .
496 421 572 454 Aris
597 422 746 454 hortatur
772 421 959 455 daemonum
982 423 1087 464 litare,

496 468 657 509 Spernens
682 471 806 501 artatur
830 470 918 502 bacis
944 473 1136 512 catenarum,

498 516 588 548 Collo
615 519 765 557 gravatur
789 518 933 556 pondere
955 517 1112 561 bolarum,

640 564 801 604 compede
824 565 918 604 pede.

464 644 472 650 .
497 618 553 651 Fit
576 621 666 660 gregi
691 625 802 659 pastor
822 629 970 662 magnum
996 622 1227 666 documentum,

496 665 581 698 Urbi
606 668 802 699 monstratur
826 668 925 699 veluti
951 672 1166 710 contemptus;

494 712 580 744 Hine
606 722 704 745 ovans
731 713 838 745 defert
863 714 989 747 Christo
1013 719 1089 749 vota
1112 717 1242 749 laudum

640 759 751 791 Victor
774 761 919 800 insignis.

462 840 469 848 .
496 815 614 847 Fictile
638 816 714 848 vicit
739 817 972 859 ratiocinando,

496 863 603 895 Vanas
628 864 781 903 perdocet
807 867 892 896 artes
916 864 1076 903 liberaleS,

497 910 617 942 Indicit
641 920 766 942 sensum
792 912 897 950 potius
924 912 1078 944 disertum

640 958 751 990 Trium
777 967 956 999 puerorum.

464 1039 471 1045 .
498 1012 633 1045 Suboles
658 1022 803 1055 sequens,
827 1015 972 1053 genetrix
998 1023 1075 1054 quos
1099 1016 1198 1046 mittit

496 1060 721 1101 Agonizandos
744 1062 892 1099 praesule
918 1069 988 1092 cum
1013 1061 1106 1101 almo,

496 1107 554 1146 Qui
581 1108 699 1149 alapati
725 1112 849 1147 patrem
877 1112 907 1139 et
931 1109 1117 1148 magistrum

638 1155 783 1186 Eundem
812 1155 930 1187 dicunt.

495 1211 558 1243 Hic
580 1212 698 1251 quippe
721 1220 837 1251 parens
863 1220 956 1243 verus
980 1215 1016 1242 ut
1039 1211 1203 1244 Abraham
1230 1218 1286 1251 esu

494 1258 643 1291 Hostiam
665 1258 719 1297 qui
745 1267 778 1289 :e
803 1258 904 1290 tribus
931 1266 999 1289 cum
1025 1260 1132 1298 pueris

496 1305 620 1338 Obtulit
644 1313 737 1337 sacra
762 1305 880 1344 stipitis
905 1307 938 1337 in
964 1315 1021 1337 ara

639 1353 720 1392 Regi
745 1354 899 1391 polorum.

497 1410 588 1441 Inter
611 1409 754 1441 insontes
780 1409 854 1440 lotis
879 1409 962 1440 ulnis
988 1408 1089 1440 ambit

495 1455 627 1487 Sacrum
652 1455 754 1487 altare
778 1455 889 1494 stipite
915 1456 1027 1496 elatus,

493 1503 575 1534 Dira
601 1503 676 1535 dum
700 1502 826 1543 perfert
849 1502 956 1535 vincla
979 1504 1031 1535 vel
1055 1506 1214 1535 tormenta

640 1550 777 1583 Comites
804 1550 908 1583 docet.

495 1606 597 1639 Simul
623 1605 761 1639 confessi
786 1615 901 1638 nomen
924 1606 1079 1639 trinitatis

495 1654 660 1686 Sustinent
684 1654 778 1686 simul
799 1654 995 1686 lacerantum
1019 1655 1111 1696 ictus,

496 1701 560 1733 Sed
584 1710 721 1741 rapuere
745 1701 786 1733 ab
811 1701 904 1733 hoste
927 1703 1092 1743 tropaeum

640 1749 732 1780 Dono
759 1748 877 1781 divino.

493 1805 548 1837 Ad
571 1805 794 1844 perimendum
817 1801 1022 1844 postmodunf
1043 1805 1195 1845 producti

497 1853 631 1885 Alacres
658 1855 797 1893 pergunt
820 1861 948 1885 carmen
971 1853 1194 1892 praecinentes

499 1901 637 1942 Tripudi
661 1900 819 1941 psalmum
843 1901 930 1933 ultra
953 1901 1190 1941 quadragenum

641 1949 729 1982 Voce
752 1957 878 1982 sonora.

496 2005 587 2037 Tunc
610 2006 741 2045 praesul
764 2004 891 2045 plebem
916 2007 1096 2038 contestans
1121 2004 1245 2045 affatur,

496 2054 548 2086 Ita
572 2055 609 2084 ut
633 2055 718 2086 essct
741 2053 855 2085 vinclis
880 2055 1039 2097 oneratus,

493 2101 548 2133 Ad
575 2100 833 2133 confundendum
855 2101 995 2133 indicem
1016 2099 1188 2141 profanum

641 2149 848 2190 sepeliretur.

494 2206 649 2238 Parvulos
673 2214 797 2246 quoque
821 2205 951 2238 Babilas
975 2204 1115 2238 litandos

496 2253 585 2286 Patri
609 2254 750 2295 assignat
780 2262 855 2286 ense
879 2252 1107 2294 ve1·berandOS‚

495 2302 634 2342 Quorum
660 2310 792 2342 agonem
814 2301 980 2341 pulchrius
1006 2301 1203 2334 consummat

641 2349 802 2390 Sanguine
826 2347 907 2384 fuso.
