1650 2610
666 132 899 167 ..81-

392 229 422 261 5.
450 228 505 261 Ad
530 232 765 261 monumentum
790 228 989 261 exclamabat
1014 229 1122 261 Iesus:

449 275 573 309 Lazaro
597 277 681 317 veni,
707 277 923 316 Dominusque
946 278 1063 309 tecum.

450 323 511 356 Ille
530 324 682 362 surrexit,
708 327 738 355 et
764 325 864 356 omnis
890 329 1019 356 caterva

582 371 634 404 ibi
661 371 864 404 convertitur.

391 437 424 469 6,
450 436 489 469 In
514 436 659 469 Samaria
682 439 718 469 ut
740 438 834 470 homo
858 437 961 470 sitivit

450 483 496 516 Et
519 484 683 516 mulierem
707 487 840 524 peccato
866 484 996 523 dimisit,

453 530 572 563 Caecus
598 532 692 563 etiam
715 534 808 564 natus
832 532 937 564 lumen
962 540 1109 571 magnum

583 579 676 611 Vidit
701 579 735 610 in
760 579 855 612 Siloe.

395 644 424 676 7.
449 643 489 676 In
515 643 660 675 Samaria
684 641 763 674 fecit
786 642 982 683 confitentes,

450 690 490 723 1n
514 690 672 722 Bethania
694 689 853 722 Lazarum
877 694 1068 733 surgentem,

452 736 572 769 Surdos
598 737 763 769 audientes
789 740 820 768 et
844 740 947 770 mutos
972 739 1147 779 loquentes,

584 786 668 825 Quos
693 785 844 817 visitavit.

397 849 428 881 8.
457 849 569 881 Gloria
593 850 692 891 Patri,
719 851 803 882 trino
828 851 1033 892 sempiterno,

454 896 564 930 Gloria
590 897 716 930 Christo
741 897 919 937 spirituque
943 899 1053 929 sancto

452 944 621 977 Praedicet
648 945 765 977 trinum
789 945 844 983 pia
868 953 946 977 voce
968 953 1082 977 nomen

584 992 685 1024 Omne
707 1001 768 1031 per
791 1000 914 1025 aevum.

205 1067 242 1094 X.
256 1082 293 1086 —
307 1064 334 1100 2,
359 1066 375 1094 1
396 1065 523 1093 Claritas
542 1066 637 1100 fulget
653 1067 865 1102 Dominusque,
877 1082 916 1086 —-
930 1064 957 1099 3,
976 1066 997 1094 4
1017 1066 1174 1102 Sorotque.
1238 1063 1265 1099 6,
1285 1063 1304 1093 ξ,
1324 1065 1428 1093 Caecus

130 1105 222 1138 c11i1n3
251 1112 396 1141 magnam.
424 1121 461 1124 ——
488 1104 544 1131 cfr.
564 1105 667 1140 Migne
686 1102 731 1138 86,
753 1102 823 1139 3793
852 1104 893 1132 M.
912 1104 1074 1138 Pellechet,
1098 1104 1189 1131 Notc3
1210 1113 1260 1131 sur
1280 1104 1322 1131 los
1346 1103 1435 1130 livres

130 1142 230 1178 liturg.
257 1142 391 1169 d’Autun
418 1144 472 1169 ete.
492 1140 557 1175 254,
580 1144 630 1169 ein
648 1150 776 1178 genauer
795 1142 935 1170 Abdruck
954 1150 1008 1170 aus
1028 1143 1210 1178 Lorenzana3
1248 1141 1368 1169 Betreffs
1386 1141 1437 1168 cles

130 1178 272 1207 Metrums
293 1180 352 1216 vgl.
378 1180 427 1207 die
445 1180 530 1207 Anm.
555 1189 621 1207 zum
640 1180 789 1215 Hymnus:
813 1181 924 1208 Auctor
942 1180 1072 1208 luminis.
1112 1180 1170 1207 Die
1188 1179 1381 1207 Ahnlichkcit
1407 1179 1439 1205 in

131 1216 323 1255 Hehandluug
343 1218 394 1246 des
415 1217 534 1251 Stoffes,
556 1218 602 1246 die
622 1217 789 1246 Gleichheit
810 1219 843 1246 in
861 1218 1002 1252 Mettum,
1023 1218 1249 1254 Stropheuzahl‚
1270 1217 1436 1253 Doxologie

129 1255 228 1283 las-sen
248 1255 304 1283 den
323 1256 458 1292 gleichen
477 1256 617 1284 Versator
637 1256 681 1283 als
700 1256 852 1284 Versasser
871 1257 971 1284 beider
994 1256 1131 1291 Hymnen
1154 1257 1314 1283 vermuteu.

494 1367 541 1398 28.
571 1367 615 1398 De
635 1366 792 1398 mediante
813 1366 1066 1407 Quadragesima.

376 1437 406 1470 1.
433 1438 560 1470 Favens
586 1436 760 1476 redemptis
785 1439 858 1468 voto
883 1436 1095 1468 abstinentiae

427 1484 567 1517 Occurre
591 1483 695 1524 fessis,
721 1483 785 1515 dux
812 1492 903 1515 verus
927 1483 1093 1525 EmanueI,

427 1532 458 1563 A
482 1540 544 1571 quo
570 1531 678 1563 dicata
702 1531 843 1562 sanctius
866 1531 985 1563 ieiunia

426 1579 542 1611 Futuri
566 1577 670 1610 forma
693 1579 834 1611 noscitur
858 1579 900 1611 ad
925 1579 1069 1620 gloriam,

427 1626 515 1666 Opus
541 1626 686 1659 caelestis
711 1626 802 1666 regni
828 1634 898 1659 esse
919 1627 1056 1659 ianuam.

367 1695 401 1727 2.
426 1692 486 1725 Cui
509 1693 539 1724 si
563 1701 692 1725 consors
716 1693 819 1724 virtus
844 1693 1044 1732 elemosynae

427 1740 536 1781 Ignita
557 1740 681 1780 lampas
705 1740 814 1772 iuncta
837 1740 1062 1780 parsimoniae,

429 1788 575 1828 Utroque
598 1787 722 1827 pollens
749 1787 833 1819 celso
859 1787 1004 1828 quisnam
1029 1796 1126 1827 opere

427 1836 564 1875 Riteque
589 1843 717 1875 compos
741 1837 778 1866 ut
801 1835 861 1867 alis
886 1835 1061 1876 pennigera

431 1883 547 1916 Volatu
570 1882 686 1922 pernix
710 1883 778 1923 poli
802 1883 872 1915 adit
894 1883 1018 1916 intima,

370 1952 401 1985 3.
428 1949 557 1990 Insigne
583 1950 671 1981 cuius
696 1948 826 1990 Moyses
851 1949 1038 1989 mysterium

427 1997 490 2030 Dei
514 1997 634 2030 amicus
659 1997 784 2029 exstit-it
807 1997 946 2039 oraculo,

427 2046 551 2086 Raptus
576 2045 666 2078 Elias
693 2045 773 2078 caeli
799 2053 891 2077 curro
916 2046 1020 2086 igneo,

429 2093 528 2126 Fulta
551 2095 658 2125 tuetur
681 2092 799 2126 Ninive
826 2102 895 2125 cum
921 2092 1053 2132 civibus,

427 2141 497 2174 Vox
522 2140 613 2174 verbi
638 2141 739 2174 claret
762 2141 907 2173 ven'tatis
932 2141 1071 2173 nuntius

368 2210 402 2244 4.
428 2208 551 2241 Passim
579 2207 695 2240 deinde
719 2209 763 2247 tu,
788 2208 940 2249 magister
966 2206 1133 2245 caelibum,

429 2256 548 2295 Quater
574 2255 696 2289 dierum
722 2256 828 2288 decies
855 2256 1013 2288 curriculo

427 2304 538 2336 Victor
562 2303 739 2343 triumphas
764 2304 909 2344 paradisi
933 2312 1037 2336 eremo

426 2352 570 2385 Morsum
598 2351 708 2384 delicti
733 2353 865 2387 abluens
891 2351 1017 2390 ieiunio,

428 2401 567 2433 Prorsus
590 2403 754 2433 retentans
778 2399 966 2441 temptator-i
991 2398 1117 2432 callido,

181 2461 288 2485 Blume
297 2478 303 2488 .
318 2459 453 2490 Hymodia
466 2460 558 2485 Gotica.
1253 2452 1271 2482 6
