1650 2610
683 127 930 163 -118—-

843 225 874 255 5.
900 218 1006 254 Enixa
1028 225 1076 254 est
1099 229 1269 261 puerpera,

169 231 200 263 3.
227 226 337 263 Clausa
361 227 503 269 parentis
526 228 649 259 viscera
1285 266 1292 272 ¹

901 268 998 306 Quem
1025 268 1156 300 Gabriel
1181 267 1397 308 praeduxerat,

229 277 380 309 Caelestis
407 276 502 307 intrat
527 273 641 314 gratia,
1328 314 1335 320 -

229 323 346 354 Venter
369 323 494 362 puellae
517 320 638 353 baiulat
901 315 998 353 Quem
1022 316 1133 347 matris
1159 316 1231 347 alvo
1256 317 1395 355 gestlens

226 369 364 408 Secreta,
391 377 471 409 quae
494 377 556 400 non
579 368 720 399 noverat.
901 363 1035 395 Clausus
1060 363 1219 395 Iohannes
1243 363 1399 394 senserat,

167 429 199 460 4.
224 423 343 459 Domus
367 424 477 465 pudici
500 422 638 463 pectoris
843 421 873 453 9.
900 419 968 451 Deo
993 419 1079 459 patri
1103 420 1147 450 sit
1169 419 1272 458 gloria

224 473 388 512 Templum
415 474 545 511 repente
568 469 605 501 fit
629 469 699 508 Dei,
900 466 1043 507 Eiusque
1071 466 1131 497 soli
1155 464 1222 496 filio

226 520 349 551 Intacta
373 519 515 550 nesciens
541 518 643 548 virum
904 513 979 545 Cum
1006 513 1122 552 spiritu
1146 512 1302 552 paraclito

225 566 329 597 Verbo
353 565 472 596 creavit
495 562 604 594 filium.
901 560 1049 601 Regnans
1082 569 1142 600 per
1166 569 1259 592 omne
1283 560 1455 592 saeculum.

226 638 296 672 MT,
319 637 401 671 1182,
419 636 494 670 LSd,
512 637 550 664 X.
572 650 608 656 —-
627 636 685 663 Die
704 636 850 671 Strophen
870 632 925 661 6—
929 633 947 662 8
965 633 1061 670 OEitp
1063 638 1128 663 orta
1147 634 1258 663 Christi
1277 638 1342 670 ete„
1360 632 1457 663 Genus

152 677 270 712 superni
289 676 417 703 numinis
438 678 490 702 etc.
511 675 570 701 und
592 670 688 702 Honor
708 675 808 702 matris
828 677 857 701 et
874 673 1015 708 gaudium
1036 672 1101 708 etc.)
1119 673 1316 701 wiederholen
1336 675 1400 701 sich
1414 674 1456 700 im

152 714 304 750 folgenden
328 713 464 747 Hymnus
499 713 542 739 als
568 711 624 739 Str.
666 710 729 739 —6
761 711 821 738 und
858 711 923 739 sind
949 710 1070 738 deshalb
1097 711 1162 739 hier
1184 720 1245 739 von
1271 713 1328 739 mir
1353 719 1456 747 ansge-

152 752 257 779 lassen.
280 765 318 769 —
341 750 409 777 LSa
440 751 492 778 hat
519 759 575 777 nur
604 749 651 777 die
683 747 700 777 3
732 752 827 776 ersten
857 748 1016 785 Strophen3
1045 748 1113 776 LSd
1143 748 1196 776 hat
1227 750 1275 777 die
1307 748 1325 776 5
1358 759 1402 777 er
1405 752 1456 776 ten

153 789 311 824 Strophen3
340 788 445 815 darauf
464 787 562 823 folgen
581 788 629 815 (110
651 789 824 823 Hymnen„
828 788 946 815 Festum
970 786 1083 814 Christe
1102 795 1154 815 rex
1177 796 1229 823 per
1249 785 1366 815 orbem“
1396 787 1458 814 und

153 827 247 862 „Veni
287 826 450 861 redemptor
481 823 643 860 gentimffl‘⁷
680 808 824 853 alsdann„
832 827 892 852 erst
918 825 985 860 „Fit
1010 827 1096 860 porta
1125 823 1234 852 Christi
1260 825 1456 861 11011113.ίῆ-

152 865 209 891 Die
228 863 411 891 Uberschrift
433 865 465 891 in
484 864 512 890 X
544 847 650 891 lautet⁷:
680 863 732 899 „In
755 863 828 890 festo
854 863 1086 890 annuntiationis
1112 865 1231 891 sanctae
1255 863 1371 891 Mariae
1389 863 1456 890 Vir-

152 899 257 937 ginis‘ss
277 903 310 928 in
327 901 384 929 MT
407 902 459 936 „In
477 900 554 927 diem
574 904 693 929 sanetae
704 898 835 929 Mariae“
855 900 926 935 (vgl.
944 900 1048 928 hierzu
1066 900 1119 927 das
1131 901 1269 929 Vorwort
1281 901 1310 928 S.
1324 900 1406 938 4611),
1418 916 1459 920 —

227 921 284 966 D’ie
309 938 326 966 5
352 942 447 966 ersten
467 937 612 974 Strophen
639 939 703 966 sind
729 938 794 966 (10111
819 939 988 966 bekannten
1001 938 1130 988 “Abcdar
1157 938 1207 966 des
1228 939 1365 967 Sedulius
1395 941 1456 968 ent-

151 985 294 1005 nommen.
327 977 384 1004 MT
404 975 501 1004 macht
518 985 571 1003 vor
586 976 651 1012 „Fit
669 980 754 1026 porta
769 976 877 1004 Christi
897 972 1015 1011 pervia“
1037 976 1085 1004 die
1104 976 1351 1005 beachtenswerte
1364 978 1456 1005 Note:

154 1016 206 1050 „In
235 1014 297 1041 alia
324 1014 483 1042 festivitate
508 1022 567 1041 non
592 1012 725 1041 dicitur.
764 1014 825 1041 Das
850 1014 907 1041 soll
924 1014 1002 1041 wohl
1021 1014 1180 1042 bedenten:
1207 1014 1286 1042 Statt
1304 1015 1355 1043 der
1374 1017 1459 1043 sonst

151 1054 192 1079 1111
211 1051 471 1086 Seduliushymnus
491 1051 645 1086 folgenden
666 1051 810 1088 Sti-ophen
832 1051 927 1087 „Fene
955 1053 1051 1079 iacere
1070 1052 1193 1087 pertulit
1212 1050 1284 1080 etcf‘
1306 1053 1373 1080 sind
1391 1054 1457 1081 hier

151 1098 198 1117 am
216 1090 493 1125 Muttergottesfeste
512 1090 571 1116 und
590 1098 646 1116 nur
667 1089 744 1116 clann
763 1089 811 1116 die
830 1089 848 1117 3
870 1089 1010 1117 ebcnfalls
1031 1089 1087 1117 den
1106 1090 1223 1117 Abcdar
1243 1091 1298 1118 mit
1316 1091 1348 1125 F,
1370 1092 1404 1126 G,
1425 1091 1457 1118 H

152 1127 413 1155 weiterfiihrenden
433 1126 578 1162 Strophen
597 1127 824 1154 einzuschalten.
857 1127 947 1155 Diese
966 1125 984 1155 3
1005 1126 1151 1163 Sti-ophen
1170 1127 1309 1156 kommen
1328 1111 1457 1157 vie1f⁷ach

152 1164 226 1192 auch
251 1165 295 1192 als
320 1165 494 1192 besonderer
520 1165 656 1199 Hymnus
679 1174 741 1192 vox.
781 1164 825 1192 Ob
852 1165 896 1192 sie
921 1165 1161 1194 mczarabischen
1188 1167 1267 1202 Ursp
1248 1175 1359 1202 prungs
1380 1167 1455 1200 sind,

151 1202 255 1230 bedaff
284 1202 359 1229 noch
395 1202 587 1238 eingehender
620 1203 727 1230 11111011-
726 1202 854 1238 uchung.
903 1203 962 1230 Die
991 1202 1184 1239 Verbindung
1219 1204 1373 1232 derselben
1402 1206 1458 1233 mit

152 1240 207 1267 den
232 1239 248 1267 5
270 1239 413 1275 Strophen
439 1247 492 1267 aus
513 1239 648 1267 Sedulius
674 1239 764 1267 findet
782 1241 843 1267 sich
864 1243 947 1268 sonst
966 1241 1103 1275 nirgends
1123 1250 1185 1268 vor.
1225 1242 1356 1270 Naheres
1377 1243 1456 1271 beim

151 1278 306 1313 folgenden
325 1277 468 1312 Hymnus.
490 1291 527 1296 —
549 1278 605 1305 Cfr.
624 1278 726 1313 Migne
744 1275 790 1313 86,
813 1276 895 1306 1291.

670 1390 709 1419 H.
739 1389 788 1419 Ad
806 1390 932 1420 Laudes.

168 1456 199 1488 1.
224 1456 254 1487 A
279 1457 354 1488 solis
381 1459 467 1488 ortus
493 1457 623 1489 cardine

848 1461 879 1492 6.
906 1459 1016 1492 Honor
1040 1462 1151 1494 matris
1175 1464 1208 1493 et
1231 1462 1392 1504 gaudium,

223 1502 268 1533 Et
289 1511 390 1543 usque
412 1506 517 1535 terrae
540 1505 672 1536 limitem

905 1507 1063 1539 Immensa
1087 1518 1123 1548 sp
1128 1518 1160 1540 es
1184 1510 1380 1541 credentium

225 1548 381 1581 Christum
416 1559 561 1582 canamus
586 1551 774 1592 prinoipem,

227 1596 344 1628 Natum
369 1597 494 1629 Mariae
517 1599 659 1639 virginis.

193 1678 200 1685 .
228 1652 372 1685 Gaudete
397 1655 545 1693 quicquid
571 1655 726 1695 gentium:

225 1699 356 1739 Iudaea,
381 1700 483 1733 Roma
508 1704 540 1733 et
563 1702 707 1745 Graecia,

224 1747 380 1789 Aegypte,
392 1748 508 1791 ThraX,
521 1749 628 1789 Persa,
641 1751 774 1790 Scytha3

226 1793 296 1825 Rex
319 1804 399 1826 unus
424 1804 531 1827 omnes
556 1797 707 1836 possidet.

195 1875 201 1882 .
226 1849 372 1882 Laudate
397 1855 535 1883 vestrum
562 1854 738 1893 principem

228 1896 353 1936 Omnes,
379 1897 465 1929 beati
490 1907 529 1929 ac
552 1900 680 1941 perditi,

227 1942 311 1983 Vivi,
335 1944 487 1977 imbecilli
512 1954 550 1977 ac
573 1948 707 1988 mortui,

226 1990 295 2021 Iam
319 1998 409 2022 nemo
433 1994 506 2031 post
528 1993 608 2025 haec
625 1998 776 2027 mortuus

192 2072 199 2079 .
224 2045 280 2077 Fit
302 2049 397 2086 porta
422 2047 540 2079 Christi
564 2051 676 2089 pervia

229 2092 362 2126 Referta
385 2094 482 2133 plena
505 2097 616 2137 gratia,

227 2140 417 2180 Transitque
441 2151 508 2182 rex,
536 2146 566 2174 et
590 2147 755 2183 permanet

230 2187 352 2226 Clausa,
376 2191 412 2219 ut
436 2188 507 2228 fuit,
533 2199 592 2229 per
616 2193 751 2225 saecula,

195 2270 202 2278 .
230 2243 336 2277 Genus
362 2245 491 2285 superni
514 2247 650 2279 numinis

226 2292 386 2324 Processit
411 2294 484 2326 aula
507 2294 650 2335 virginis,

228 2338 377 2379 Sponsus,
404 2341 599 2383 redemptor,
620 2343 774 2384 conditor,

228 2385 311 2418 Suae
334 2387 421 2428 gigas
447 2389 608 2424 ecclesiae.

903 1554 966 1586 Per
990 1557 1061 1586 atra
1083 1556 1194 1588 mortis
1220 1557 1335 1596 pocula

904 1601 1049 1633 Resolvit
1072 1606 1182 1634 nostra
1208 1604 1350 1639 crimina.

870 1682 877 1690 .
903 1657 1001 1698 Lapis
1026 1658 1066 1689 de
1088 1662 1195 1692 monte
1219 1661 1349 1693 veniens

906 1705 1123 1746 Mundumque
1147 1708 1276 1747 replens
1301 1710 1415 1750 gratia,

907 1752 1004 1791 Quem
1030 1763 1092 1785 non
1117 1756 1296 1794 praecisum
1311 1758 1457 1790 manibus

905 1800 1001 1832 Vates
1026 1803 1143 1834 vetusti
1166 1804 1325 1837 nuntiant.

871 1883 877 1891 .
904 1857 963 1896 Qui
987 1857 1129 1902 verbum,
1157 1867 1231 1892 caro
1256 1860 1360 1893 factus
1383 1865 1442 1903 est,

905 1904 1079 1936 Praeconio
1104 1907 1247 1945 angelico

904 1950 954 1982 De
979 1952 1126 1984 claustris
1153 1954 1363 1995 virginalibus

906 1997 1045 2039 Virginis
1069 2000 1159 2041 virgo
1184 2005 1277 2035 natus
1303 2009 1362 2039 est.

871 2079 878 2085 .
905 2054 1022 2086 Rorem
1048 2056 1206 2089 dederunt
1229 2059 1370 2103 aethera,

905 2100 1077 2142 Nubesque
1096 2104 1215 2138 iustum
1239 2106 1401 2150 fuderunt,

906 2148 1021 2182 Patens
1044 2151 1170 2192 excepit
1193 2153 1365 2187 Dominum

904 2195 1006 2229 Terra
1029 2198 1163 2231 salutem
1188 2209 1353 2240 generans.

837 2250 890 2285 10
905 2252 1066 2286 Mirabilis
1092 2257 1256 2296 conceptio

908 2299 1069 2334 Christum
1093 2304 1229 2342 protulit
1255 2306 1411 2353 subolem,

905 2346 951 2379 Ut
974 2350 1064 2388 virgo
1088 2353 1215 2389 partum
1241 2337 1411 2398 funderet,

908 2394 985 2427 Post
1007 2399 1133 2436 partum
1159 2398 1249 2440 virgo
1273 2401 1412 2442 sisteret
