<?xml version="1.0" encoding="UTF-8"?>
<!DOCTYPE html PUBLIC "-//W3C//DTD XHTML 1.0 Transitional//EN"
    "http://www.w3.org/TR/xhtml1/DTD/xhtml1-transitional.dtd">
<html xmlns="http://www.w3.org/1999/xhtml" xml:lang="en" lang="en">
 <head>
  <title>
</title>
<meta http-equiv="Content-Type" content="text/html;charset=utf-8" />
  <meta name='ocr-system' content='tesseract 3.04.00' />
  <meta name='ocr-capabilities' content='ocr_page ocr_carea ocr_par ocr_line ocrx_word'/>
</head>
<body>
  <div class='ocr_page' id='page_1' title='image "./analectahymnica27drevuoft_00157.png"; bbox 0 0 1650 2610; ppageno 0'>
   <div class='ocr_carea' id='block_1_1' title="bbox 704 134 961 169">
    <p class='ocr_par' dir='ltr' id='par_1_1' title="bbox 704 134 961 169">
     <span class='ocr_line' id='line_1_1' title="bbox 704 134 961 169; baseline 0 0"><span class='ocrx_word' id='word_1_1' title='bbox 704 134 961 169; x_wconf 81' lang='lat'>—154—</span> 
     </span>
    </p>
   </div>
   <div class='ocr_carea' id='block_1_2' title="bbox 559 249 1105 290">
    <p class='ocr_par' dir='ltr' id='par_1_2' title="bbox 559 249 1105 290">
     <span class='ocr_line' id='line_1_2' title="bbox 559 249 1105 290; baseline -0.013 -4"><span class='ocrx_word' id='word_1_2' title='bbox 559 255 621 287; x_wconf 87' lang='grc'><strong>109.</strong></span> <span class='ocrx_word' id='word_1_3' title='bbox 657 254 691 285; x_wconf 90' lang='lat' dir='ltr'>In</span> <span class='ocrx_word' id='word_1_4' title='bbox 712 252 813 284; x_wconf 81' lang='lat' dir='ltr'>sancti</span> <span class='ocrx_word' id='word_1_5' title='bbox 835 250 934 290; x_wconf 75' lang='lat' dir='ltr'>cyrici</span> <span class='ocrx_word' id='word_1_6' title='bbox 956 249 1105 288; x_wconf 68' lang='lat' dir='ltr'>(Quirini).</span> 
     </span>
    </p>
   </div>
   <div class='ocr_carea' id='block_1_3' title="bbox 196 315 1465 739">
    <p class='ocr_par' dir='ltr' id='par_1_3' title="bbox 202 315 1465 506">
     <span class='ocr_line' id='line_1_3' title="bbox 202 315 1355 367; baseline -0.01 -7"><span class='ocrx_word' id='word_1_7' title='bbox 202 329 232 361; x_wconf 86' lang='lat'>1.</span> <span class='ocrx_word' id='word_1_8' title='bbox 258 328 361 359; x_wconf 88' lang='lat' dir='ltr'>Adest</span> <span class='ocrx_word' id='word_1_9' title='bbox 386 327 464 366; x_wconf 90' lang='lat' dir='ltr'>dies,</span> <span class='ocrx_word' id='word_1_10' title='bbox 490 336 550 367; x_wconf 88' lang='lat' dir='ltr'>quo</span> <span class='ocrx_word' id='word_1_11' title='bbox 572 334 684 366; x_wconf 91' lang='lat' dir='ltr'>passus</span> <span class='ocrx_word' id='word_1_12' title='bbox 709 326 757 354; x_wconf 90' lang='lat' dir='ltr'>est</span> <span class='ocrx_word' id='word_1_13' title='bbox 898 315 929 354; x_wconf 74' lang='grc'>7.</span> <span class='ocrx_word' id='word_1_14' title='bbox 953 320 1072 361; x_wconf 87' lang='lat' dir='ltr'>Iulitta,</span> <span class='ocrx_word' id='word_1_15' title='bbox 1099 322 1201 351; x_wconf 86' lang='lat' dir='ltr'>mater</span> <span class='ocrx_word' id='word_1_16' title='bbox 1224 318 1355 358; x_wconf 76' lang='lat' dir='ltr'>Quirici,</span> 
     </span>
     <span class='ocr_line' id='line_1_4' title="bbox 255 365 1465 413; baseline -0.008 -7"><span class='ocrx_word' id='word_1_17' title='bbox 255 374 380 413; x_wconf 77' lang='lat' dir='ltr'>Martyr</span> <span class='ocrx_word' id='word_1_18' title='bbox 404 375 513 406; x_wconf 87' lang='lat' dir='ltr'>beatus</span> <span class='ocrx_word' id='word_1_19' title='bbox 537 372 702 412; x_wconf 80' lang='lat' dir='ltr'>Quiricus;</span> <span class='ocrx_word' id='word_1_20' title='bbox 954 366 1054 398; x_wconf 86' lang='lat' dir='ltr'>Simul</span> <span class='ocrx_word' id='word_1_21' title='bbox 1080 367 1261 399; x_wconf 81' lang='lat' dir='ltr'><strong>exclamans</strong></span> <span class='ocrx_word' id='word_1_22' title='bbox 1288 365 1374 396; x_wconf 87' lang='lat' dir='ltr'>dicta</span> <span class='ocrx_word' id='word_1_23' title='bbox 1400 367 1465 397; x_wconf 86' lang='lat' dir='ltr'>est:</span> 
     </span>
     <span class='ocr_line' id='line_1_5' title="bbox 256 412 1390 453; baseline -0.009 0"><span class='ocrx_word' id='word_1_24' title='bbox 256 421 369 453; x_wconf 88' lang='lat' dir='ltr'>Coetus</span> <span class='ocrx_word' id='word_1_25' title='bbox 394 419 497 452; x_wconf 90' lang='lat' dir='ltr'>fidelis</span> <span class='ocrx_word' id='word_1_26' title='bbox 524 419 647 451; x_wconf 86' lang='lat' dir='ltr'>debitas</span> <span class='ocrx_word' id='word_1_27' title='bbox 950 413 1024 445; x_wconf 83' lang='lat' dir='ltr'>Non</span> <span class='ocrx_word' id='word_1_28' title='bbox 1048 414 1213 445; x_wconf 88' lang='lat' dir='ltr'>timeamus</span> <span class='ocrx_word' id='word_1_29' title='bbox 1240 412 1390 445; x_wconf 80' lang='lat' dir='ltr'>cacabum</span> 
     </span>
     <span class='ocr_line' id='line_1_6' title="bbox 255 461 1404 506; baseline -0.008 -7"><span class='ocrx_word' id='word_1_30' title='bbox 255 467 323 499; x_wconf 86' lang='lat' dir='ltr'>Deo</span> <span class='ocrx_word' id='word_1_31' title='bbox 347 467 502 506; x_wconf 76' lang='lat' dir='ltr'>rependat</span> <span class='ocrx_word' id='word_1_32' title='bbox 525 465 653 506; x_wconf 79' lang='lat' dir='ltr'>gratias,</span> <span class='ocrx_word' id='word_1_33' title='bbox 953 461 1021 492; x_wconf 85' lang='lat' dir='ltr'>Nec</span> <span class='ocrx_word' id='word_1_34' title='bbox 1045 461 1216 500; x_wconf 87' lang='lat' dir='ltr'>impiorum</span> <span class='ocrx_word' id='word_1_35' title='bbox 1238 461 1404 493; x_wconf 83' lang='lat' dir='ltr'>tartarum.</span> 
     </span>
    </p>

    <p class='ocr_par' dir='ltr' id='par_1_4' title="bbox 196 544 1429 739">
     <span class='ocr_line' id='line_1_7' title="bbox 196 544 1429 600; baseline -0.006 -8"><span class='ocrx_word' id='word_1_36' title='bbox 196 563 227 593; x_wconf 85' lang='lat'>2.</span> <span class='ocrx_word' id='word_1_37' title='bbox 255 560 335 591; x_wconf 88' lang='lat' dir='ltr'>Nam</span> <span class='ocrx_word' id='word_1_38' title='bbox 359 559 551 600; x_wconf 73' lang='lat' dir='ltr'>personabat</span> <span class='ocrx_word' id='word_1_39' title='bbox 571 557 701 591; x_wconf 85' lang='lat' dir='ltr'>vocibus</span> <span class='ocrx_word' id='word_1_40' title='bbox 895 548 926 580; x_wconf 83' lang='lat'>8·</span> <span class='ocrx_word' id='word_1_41' title='bbox 953 546 1126 577; x_wconf 66' lang='lat' dir='ltr'>TOfmenta</span> <span class='ocrx_word' id='word_1_42' title='bbox 1148 546 1272 576; x_wconf 59' lang='lat' dir='ltr'>cessa-11¹³</span> <span class='ocrx_word' id='word_1_43' title='bbox 1295 544 1429 598; x_wconf 42' lang='lat' dir='ltr'>ViP-Ceffl,</span> 
     </span>
     <span class='ocr_line' id='line_1_8' title="bbox 253 593 1363 646; baseline -0.004 -8"><span class='ocrx_word' id='word_1_44' title='bbox 253 607 420 638; x_wconf 86' lang='lat' dir='ltr'>Praeconis</span> <span class='ocrx_word' id='word_1_45' title='bbox 447 615 507 638; x_wconf 79' lang='lat' dir='ltr'>vox</span> <span class='ocrx_word' id='word_1_46' title='bbox 531 605 743 644; x_wconf 79' lang='lat' dir='ltr'>frequentior:</span> <span class='ocrx_word' id='word_1_47' title='bbox 954 593 1062 646; x_wconf 37' lang='lat' dir='ltr'>‘¹⁷11&#39;th</span> <span class='ocrx_word' id='word_1_48' title='bbox 1089 593 1183 624; x_wconf 58' lang='lat' dir='ltr'>datur</span> <span class='ocrx_word' id='word_1_49' title='bbox 1207 594 1363 646; x_wconf 79' lang='lat' dir='ltr'>martyru,</span> 
     </span>
     <span class='ocr_line' id='line_1_9' title="bbox 254 639 1336 693; baseline -0.005 -9"><span class='ocrx_word' id='word_1_50' title='bbox 254 653 393 684; x_wconf 85' lang='lat' dir='ltr'>Deorum</span> <span class='ocrx_word' id='word_1_51' title='bbox 419 656 467 683; x_wconf 89' lang='lat' dir='ltr'>est</span> <span class='ocrx_word' id='word_1_52' title='bbox 490 652 694 690; x_wconf 85' lang='lat' dir='ltr'>sollemnitaS,</span> <span class='ocrx_word' id='word_1_53' title='bbox 957 639 1085 693; x_wconf 64' lang='lat' dir='ltr'>Gl&#39;ffflas</span> <span class='ocrx_word' id='word_1_54' title='bbox 1109 640 1336 693; x_wconf 44' lang='lat' dir='ltr'>Deo-aglmuffa</span> 
     </span>
     <span class='ocr_line' id='line_1_10' title="bbox 253 686 1397 739; baseline -0.007 -9"><span class='ocrx_word' id='word_1_55' title='bbox 253 699 401 732; x_wconf 85' lang='lat' dir='ltr'>Libemus</span> <span class='ocrx_word' id='word_1_56' title='bbox 429 702 501 731; x_wconf 87' lang='lat' dir='ltr'>tura</span> <span class='ocrx_word' id='word_1_57' title='bbox 525 699 721 739; x_wconf 85' lang='lat' dir='ltr'>promptius!</span> <span class='ocrx_word' id='word_1_58' title='bbox 954 687 1014 725; x_wconf 74' lang='lat' dir='ltr'>Qm</span> <span class='ocrx_word' id='word_1_59' title='bbox 1039 690 1087 718; x_wconf 71' lang='lat' dir='ltr'>est</span> <span class='ocrx_word' id='word_1_60' title='bbox 1110 686 1215 719; x_wconf 76' lang='lat' dir='ltr'>fidens</span> <span class='ocrx_word' id='word_1_61' title='bbox 1241 686 1397 720; x_wconf 83' lang='lat' dir='ltr'>ommbus.</span> 
     </span>
    </p>
   </div>
   <div class='ocr_carea' id='block_1_4' title="bbox 897 771 1485 992">
    <p class='ocr_par' dir='ltr' id='par_1_5' title="bbox 897 771 1485 951">
     <span class='ocr_line' id='line_1_11' title="bbox 897 771 1448 811; baseline -0.005 -6"><span class='ocrx_word' id='word_1_62' title='bbox 897 774 928 806; x_wconf 87' lang='lat'>9.</span> <span class='ocrx_word' id='word_1_63' title='bbox 953 771 1089 811; x_wconf 85' lang='lat' dir='ltr'>Magnus</span> <span class='ocrx_word' id='word_1_64' title='bbox 1115 774 1164 802; x_wconf 91' lang='lat' dir='ltr'>est</span> <span class='ocrx_word' id='word_1_65' title='bbox 1188 771 1274 803; x_wconf 86' lang='lat' dir='ltr'>Deus</span> <span class='ocrx_word' id='word_1_66' title='bbox 1300 771 1448 811; x_wconf 90' lang='lat' dir='ltr'>omnium,</span> 
     </span>
     <span class='ocr_line' id='line_1_12' title="bbox 954 818 1443 859; baseline -0.002 -10"><span class='ocrx_word' id='word_1_67' title='bbox 954 819 1013 858; x_wconf 77' lang='lat' dir='ltr'>Qui</span> <span class='ocrx_word' id='word_1_68' title='bbox 1041 819 1095 850; x_wconf 85' lang='lat' dir='ltr'>dat</span> <span class='ocrx_word' id='word_1_69' title='bbox 1115 819 1280 851; x_wconf 87' lang='lat' dir='ltr'>victoriam</span> <span class='ocrx_word' id='word_1_70' title='bbox 1305 818 1443 859; x_wconf 80' lang='lat' dir='ltr'>Quirico‚</span> 
     </span>
     <span class='ocr_line' id='line_1_13' title="bbox 953 864 1433 902; baseline -0.004 -5"><span class='ocrx_word' id='word_1_71' title='bbox 953 865 1016 897; x_wconf 87' lang='lat' dir='ltr'>Pro</span> <span class='ocrx_word' id='word_1_72' title='bbox 1042 864 1274 898; x_wconf 87' lang='lat' dir='ltr'>confirmandas</span> <span class='ocrx_word' id='word_1_73' title='bbox 1301 865 1433 902; x_wconf 89' lang='lat' dir='ltr'>animas,</span> 
     </span>
     <span class='ocr_line' id='line_1_14' title="bbox 953 911 1485 951; baseline 0.002 -8"><span class='ocrx_word' id='word_1_74' title='bbox 953 912 1013 951; x_wconf 77' lang='lat' dir='ltr'>Qui</span> <span class='ocrx_word' id='word_1_75' title='bbox 1051 913 1186 944; x_wconf 88' lang='lat' dir='ltr'>credunt</span> <span class='ocrx_word' id='word_1_76' title='bbox 1226 912 1387 945; x_wconf 84' lang='lat' dir='ltr'><strong>Christum</strong></span> <span class='ocrx_word' id='word_1_77' title='bbox 1421 911 1485 944; x_wconf 92' lang='lat' dir='ltr'>Do-</span> 
     </span>
    </p>

    <p class='ocr_par' dir='ltr' id='par_1_6' title="bbox 1254 959 1387 992">
     <span class='ocr_line' id='line_1_15' title="bbox 1254 959 1387 992; baseline -0.015 0"><span class='ocrx_word' id='word_1_78' title='bbox 1254 959 1387 992; x_wconf 85' lang='lat' dir='ltr'>minum.</span> 
     </span>
    </p>
   </div>
   <div class='ocr_carea' id='block_1_5' title="bbox 197 793 757 966">
    <p class='ocr_par' dir='ltr' id='par_1_7' title="bbox 197 793 757 966">
     <span class='ocr_line' id='line_1_16' title="bbox 197 793 722 828; baseline -0.01 0"><span class='ocrx_word' id='word_1_79' title='bbox 197 797 226 828; x_wconf 88' lang='lat'>3.</span> <span class='ocrx_word' id='word_1_80' title='bbox 251 793 340 825; x_wconf 86' lang='lat' dir='ltr'>Haec</span> <span class='ocrx_word' id='word_1_81' title='bbox 361 794 493 825; x_wconf 90' lang='lat' dir='ltr'>audiens</span> <span class='ocrx_word' id='word_1_82' title='bbox 515 794 647 825; x_wconf 83' lang='lat' dir='ltr'>miratus</span> <span class='ocrx_word' id='word_1_83' title='bbox 673 795 722 823; x_wconf 83' lang='lat' dir='ltr'>est</span> 
     </span>
     <span class='ocr_line' id='line_1_17' title="bbox 254 840 757 880; baseline -0.004 -9"><span class='ocrx_word' id='word_1_84' title='bbox 254 840 453 880; x_wconf 84' lang='lat' dir='ltr'>Gemensque</span> <span class='ocrx_word' id='word_1_85' title='bbox 477 849 511 871; x_wconf 89' lang='lat' dir='ltr'>se</span> <span class='ocrx_word' id='word_1_86' title='bbox 535 841 682 872; x_wconf 86' lang='lat' dir='ltr'>hortatus</span> <span class='ocrx_word' id='word_1_87' title='bbox 708 841 757 870; x_wconf 89' lang='lat' dir='ltr'>est</span> 
     </span>
     <span class='ocr_line' id='line_1_18' title="bbox 253 887 633 926; baseline -0.003 -8"><span class='ocrx_word' id='word_1_88' title='bbox 253 887 415 926; x_wconf 75' lang='lat' dir='ltr'>Quiricus:</span> <span class='ocrx_word' id='word_1_89' title='bbox 440 887 633 919; x_wconf 84' lang='lat' dir='ltr'>inanissimis</span> 
     </span>
     <span class='ocr_line' id='line_1_19' title="bbox 256 933 715 966; baseline 0 -1"><span class='ocrx_word' id='word_1_90' title='bbox 256 934 326 966; x_wconf 86' lang='lat' dir='ltr'>Non</span> <span class='ocrx_word' id='word_1_91' title='bbox 355 934 411 965; x_wconf 88' lang='lat' dir='ltr'>des</span> <span class='ocrx_word' id='word_1_92' title='bbox 436 934 585 966; x_wconf 82' lang='lat' dir='ltr'>honorem</span> <span class='ocrx_word' id='word_1_93' title='bbox 609 933 715 965; x_wconf 87' lang='lat' dir='ltr'>idolis.</span> 
     </span>
    </p>
   </div>
   <div class='ocr_carea' id='block_1_6' title="bbox 197 1026 918 1207">
    <p class='ocr_par' dir='ltr' id='par_1_8' title="bbox 197 1026 918 1207">
     <span class='ocr_line' id='line_1_20' title="bbox 197 1026 918 1076; baseline -0.01 -13"><span class='ocrx_word' id='word_1_94' title='bbox 197 1032 228 1063; x_wconf 88' lang='lat'>4.</span> <span class='ocrx_word' id='word_1_95' title='bbox 256 1028 377 1067; x_wconf 84' lang='lat' dir='ltr'>Corpus</span> <span class='ocrx_word' id='word_1_96' title='bbox 401 1031 563 1067; x_wconf 84' lang='lat' dir='ltr'>perarmat</span> <span class='ocrx_word' id='word_1_97' title='bbox 589 1026 694 1058; x_wconf 86' lang='lat' dir='ltr'>debile</span> <span class='ocrx_word' id='word_1_98' title='bbox 875 1045 918 1076; x_wconf 73' lang='grc'>10</span> 
     </span>
     <span class='ocr_line' id='line_1_21' title="bbox 256 1073 801 1113; baseline -0.002 -8"><span class='ocrx_word' id='word_1_99' title='bbox 256 1074 301 1106; x_wconf 88' lang='lat' dir='ltr'>Et</span> <span class='ocrx_word' id='word_1_100' title='bbox 323 1075 490 1113; x_wconf 86' lang='lat' dir='ltr'>increpans</span> <span class='ocrx_word' id='word_1_101' title='bbox 511 1084 583 1105; x_wconf 84' lang='lat' dir='ltr'>mox</span> <span class='ocrx_word' id='word_1_102' title='bbox 601 1073 801 1105; x_wconf 86' lang='lat' dir='ltr'>daemonem:</span> 
     </span>
     <span class='ocr_line' id='line_1_22' title="bbox 254 1120 779 1161; baseline -0.002 -9"><span class='ocrx_word' id='word_1_103' title='bbox 254 1121 422 1152; x_wconf 87' lang='lat' dir='ltr'>Factorem</span> <span class='ocrx_word' id='word_1_104' title='bbox 447 1121 608 1161; x_wconf 89' lang='lat' dir='ltr'>inquirens</span> <span class='ocrx_word' id='word_1_105' title='bbox 633 1120 779 1159; x_wconf 88' lang='lat' dir='ltr'>perditus</span> 
     </span>
     <span class='ocr_line' id='line_1_23' title="bbox 251 1167 723 1207; baseline -0.004 -8"><span class='ocrx_word' id='word_1_106' title='bbox 251 1168 404 1207; x_wconf 86' lang='lat' dir='ltr'>Ignorans</span> <span class='ocrx_word' id='word_1_107' title='bbox 431 1171 526 1207; x_wconf 87' lang='lat' dir='ltr'>atque</span> <span class='ocrx_word' id='word_1_108' title='bbox 550 1167 653 1199; x_wconf 88' lang='lat' dir='ltr'>factus</span> <span class='ocrx_word' id='word_1_109' title='bbox 680 1175 723 1198; x_wconf 86' lang='lat' dir='ltr'>es.</span> 
     </span>
    </p>
   </div>
   <div class='ocr_carea' id='block_1_7' title="bbox 921 1044 1469 1224">
    <p class='ocr_par' dir='ltr' id='par_1_9' title="bbox 921 1044 1469 1224">
     <span class='ocr_line' id='line_1_24' title="bbox 921 1044 1469 1076; baseline -0.004 0"><span class='ocrx_word' id='word_1_110' title='bbox 921 1069 927 1076; x_wconf 86' lang='grc'><strong>.</strong></span> <span class='ocrx_word' id='word_1_111' title='bbox 955 1044 1087 1075; x_wconf 82' lang='lat' dir='ltr'>Praeses</span> <span class='ocrx_word' id='word_1_112' title='bbox 1121 1044 1233 1076; x_wconf 88' lang='lat' dir='ltr'>videns</span> <span class='ocrx_word' id='word_1_113' title='bbox 1260 1044 1469 1075; x_wconf 82' lang='lat' dir='ltr'>constantiam</span> 
     </span>
     <span class='ocr_line' id='line_1_25' title="bbox 954 1090 1398 1131; baseline 0 -10"><span class='ocrx_word' id='word_1_114' title='bbox 954 1090 1063 1122; x_wconf 86' lang='lat' dir='ltr'>Sancti</span> <span class='ocrx_word' id='word_1_115' title='bbox 1090 1095 1184 1130; x_wconf 86' lang='lat' dir='ltr'>caput</span> <span class='ocrx_word' id='word_1_116' title='bbox 1209 1091 1398 1131; x_wconf 81' lang='lat' dir='ltr'>praecidere</span> 
     </span>
     <span class='ocr_line' id='line_1_26' title="bbox 953 1137 1351 1177; baseline 0.003 -9"><span class='ocrx_word' id='word_1_117' title='bbox 953 1137 1060 1177; x_wconf 88' lang='lat' dir='ltr'>Iussit,</span> <span class='ocrx_word' id='word_1_118' title='bbox 1086 1138 1203 1169; x_wconf 85' lang='lat' dir='ltr'>lanista</span> <span class='ocrx_word' id='word_1_119' title='bbox 1225 1139 1351 1170; x_wconf 81' lang='lat' dir='ltr'>irruens</span> 
     </span>
     <span class='ocr_line' id='line_1_27' title="bbox 953 1183 1456 1224; baseline 0.004 -9"><span class='ocrx_word' id='word_1_120' title='bbox 953 1183 1073 1216; x_wconf 84' lang='lat' dir='ltr'>Fundit</span> <span class='ocrx_word' id='word_1_121' title='bbox 1102 1194 1244 1217; x_wconf 87' lang='lat' dir='ltr'>cruorem</span> <span class='ocrx_word' id='word_1_122' title='bbox 1270 1188 1456 1224; x_wconf 87' lang='lat' dir='ltr'>martyrum.</span> 
     </span>
    </p>
   </div>
   <div class='ocr_carea' id='block_1_8' title="bbox 197 1260 1484 1676">
    <p class='ocr_par' dir='ltr' id='par_1_10' title="bbox 197 1260 1484 1450">
     <span class='ocr_line' id='line_1_28' title="bbox 197 1260 1296 1303; baseline 0.001 -3"><span class='ocrx_word' id='word_1_123' title='bbox 197 1264 226 1296; x_wconf 89' lang='lat'>5.</span> <span class='ocrx_word' id='word_1_124' title='bbox 254 1260 453 1300; x_wconf 80' lang='lat' dir='ltr'>Stupefactus</span> <span class='ocrx_word' id='word_1_125' title='bbox 476 1261 634 1293; x_wconf 75' lang='lat' dir='ltr'>crudelior</span> <span class='ocrx_word' id='word_1_126' title='bbox 872 1271 927 1303; x_wconf 90' lang='lat'>11.</span> <span class='ocrx_word' id='word_1_127' title='bbox 953 1269 1024 1300; x_wconf 81' lang='lat' dir='ltr'>Hoc</span> <span class='ocrx_word' id='word_1_128' title='bbox 1049 1270 1158 1301; x_wconf 75' lang='lat' dir='ltr'>iconia</span> <span class='ocrx_word' id='word_1_129' title='bbox 1184 1270 1296 1301; x_wconf 82' lang='lat' dir='ltr'>civitas</span> 
     </span>
     <span class='ocr_line' id='line_1_29' title="bbox 255 1307 1484 1359; baseline 0.001 -21"><span class='ocrx_word' id='word_1_130' title='bbox 255 1308 439 1340; x_wconf 85' lang='lat' dir='ltr'>Alexander</span> <span class='ocrx_word' id='word_1_131' title='bbox 463 1307 601 1339; x_wconf 74' lang='lat' dir='ltr'>furorem</span> <span class='ocrx_word' id='word_1_132' title='bbox 625 1308 739 1338; x_wconf 79' lang='lat' dir='ltr'>occuiit</span> <span class='ocrx_word' id='word_1_133' title='bbox 954 1315 1137 1356; x_wconf 52' lang='lat' dir='ltr'>Praedam,</span> <span class='ocrx_word' id='word_1_134' title='bbox 1163 1317 1195 1348; x_wconf 73' lang='lat' dir='ltr'>jn</span> <span class='ocrx_word' id='word_1_135' title='bbox 1223 1326 1285 1357; x_wconf 72' lang='lat' dir='ltr'>qua</span> <span class='ocrx_word' id='word_1_136' title='bbox 1308 1319 1401 1347; x_wconf 66' lang='lat' dir='ltr'><strong>Datus</strong></span> <span class='ocrx_word' id='word_1_137' title='bbox 1427 1320 1484 1359; x_wconf 60' lang='lat' dir='ltr'>ost,</span> 
     </span>
     <span class='ocr_line' id='line_1_30' title="bbox 256 1354 1424 1405; baseline 0 -11"><span class='ocrx_word' id='word_1_138' title='bbox 256 1354 417 1394; x_wconf 53' lang='lat' dir='ltr'>1133ssquss</span> <span class='ocrx_word' id='word_1_139' title='bbox 442 1355 529 1386; x_wconf 75' lang='lat' dir='ltr'>VUl‘ffl</span> <span class='ocrx_word' id='word_1_140' title='bbox 556 1355 683 1386; x_wconf 65' lang='lat' dir='ltr'>Sifflfllat</span> <span class='ocrx_word' id='word_1_141' title='bbox 954 1362 1041 1401; x_wconf 82' lang='lat' dir='ltr'>Quae</span> <span class='ocrx_word' id='word_1_142' title='bbox 1066 1366 1114 1394; x_wconf 89' lang='lat' dir='ltr'>est</span> <span class='ocrx_word' id='word_1_143' title='bbox 1137 1364 1261 1403; x_wconf 88' lang='lat' dir='ltr'>repleta</span> <span class='ocrx_word' id='word_1_144' title='bbox 1283 1372 1424 1405; x_wconf 81' lang='lat' dir='ltr'>munere,</span> 
     </span>
     <span class='ocr_line' id='line_1_31' title="bbox 254 1400 1379 1450; baseline 0 -9"><span class='ocrx_word' id='word_1_145' title='bbox 254 1400 376 1431; x_wconf 63' lang='lat' dir='ltr'><strong>Malum</strong></span> <span class='ocrx_word' id='word_1_146' title='bbox 400 1409 511 1441; x_wconf 65' lang='lat' dir='ltr'>gerens</span> <span class='ocrx_word' id='word_1_147' title='bbox 535 1402 567 1432; x_wconf 73' lang='lat' dir='ltr'>in</span> <span class='ocrx_word' id='word_1_148' title='bbox 593 1404 731 1439; x_wconf 66' lang='lat' dir='ltr'>pectore·</span> <span class='ocrx_word' id='word_1_149' title='bbox 954 1410 1040 1440; x_wconf 89' lang='lat' dir='ltr'>Almi</span> <span class='ocrx_word' id='word_1_150' title='bbox 1066 1413 1193 1442; x_wconf 85' lang='lat' dir='ltr'>sacrata</span> <span class='ocrx_word' id='word_1_151' title='bbox 1216 1410 1379 1450; x_wconf 86' lang='lat' dir='ltr'>sanguine.</span> 
     </span>
    </p>

    <p class='ocr_par' dir='ltr' id='par_1_11' title="bbox 199 1494 1361 1534">
     <span class='ocr_line' id='line_1_32' title="bbox 199 1494 1361 1534; baseline -0.001 -7"><span class='ocrx_word' id='word_1_152' title='bbox 199 1495 229 1527; x_wconf 89' lang='lat'>6.</span> <span class='ocrx_word' id='word_1_153' title='bbox 256 1494 369 1525; x_wconf 83' lang='lat' dir='ltr'>Omnes</span> <span class='ocrx_word' id='word_1_154' title='bbox 394 1495 499 1525; x_wconf 85' lang='lat' dir='ltr'>venite</span> <span class='ocrx_word' id='word_1_155' title='bbox 523 1494 632 1533; x_wconf 89' lang='lat' dir='ltr'>populi</span> <span class='ocrx_word' id='word_1_156' title='bbox 876 1496 929 1527; x_wconf 75' lang='lat'>12,</span> <span class='ocrx_word' id='word_1_157' title='bbox 955 1494 1012 1532; x_wconf 88' lang='lat' dir='ltr'>Te,</span> <span class='ocrx_word' id='word_1_158' title='bbox 1039 1494 1185 1526; x_wconf 87' lang='lat' dir='ltr'>conditor</span> <span class='ocrx_word' id='word_1_159' title='bbox 1209 1495 1361 1534; x_wconf 86' lang='lat' dir='ltr'>piissime,</span> 
     </span>
    </p>

    <p class='ocr_par' dir='ltr' id='par_1_12' title="bbox 256 1540 1484 1676">
     <span class='ocr_line' id='line_1_33' title="bbox 256 1540 1381 1583; baseline 0.001 -12"><span class='ocrx_word' id='word_1_160' title='bbox 256 1541 308 1572; x_wconf 90' lang='lat' dir='ltr'>Ad</span> <span class='ocrx_word' id='word_1_161' title='bbox 333 1548 508 1580; x_wconf 82' lang='lat' dir='ltr'>martyrum</span> <span class='ocrx_word' id='word_1_162' title='bbox 532 1540 756 1580; x_wconf 81' lang='lat' dir='ltr'>spectaculum,</span> <span class='ocrx_word' id='word_1_163' title='bbox 957 1541 1008 1572; x_wconf 87' lang='lat' dir='ltr'>Ad</span> <span class='ocrx_word' id='word_1_164' title='bbox 1034 1543 1066 1571; x_wconf 93' lang='lat' dir='ltr'>te</span> <span class='ocrx_word' id='word_1_165' title='bbox 1089 1550 1235 1581; x_wconf 85' lang='lat' dir='ltr'>rogamus</span> <span class='ocrx_word' id='word_1_166' title='bbox 1262 1542 1381 1583; x_wconf 89' lang='lat' dir='ltr'>cernui,</span> 
     </span>
     <span class='ocr_line' id='line_1_34' title="bbox 258 1587 1365 1626; baseline 0.002 -9"><span class='ocrx_word' id='word_1_167' title='bbox 258 1587 345 1626; x_wconf 81' lang='lat' dir='ltr'>Quod</span> <span class='ocrx_word' id='word_1_168' title='bbox 372 1588 480 1619; x_wconf 82' lang='lat' dir='ltr'>sidera</span> <span class='ocrx_word' id='word_1_169' title='bbox 503 1588 695 1626; x_wconf 76' lang='lat' dir='ltr'>occiderant,</span> <span class='ocrx_word' id='word_1_170' title='bbox 956 1587 1107 1618; x_wconf 83' lang='lat' dir='ltr'>Nostrum</span> <span class='ocrx_word' id='word_1_171' title='bbox 1133 1591 1256 1620; x_wconf 86' lang='lat' dir='ltr'>reatum</span> <span class='ocrx_word' id='word_1_172' title='bbox 1279 1588 1365 1619; x_wconf 89' lang='lat' dir='ltr'>dilue</span> 
     </span>
     <span class='ocr_line' id='line_1_35' title="bbox 256 1634 1484 1676; baseline 0.003 -12"><span class='ocrx_word' id='word_1_173' title='bbox 256 1634 342 1672; x_wconf 77' lang='lat' dir='ltr'>Quae</span> <span class='ocrx_word' id='word_1_174' title='bbox 364 1643 476 1674; x_wconf 84' lang='lat' dir='ltr'>magno</span> <span class='ocrx_word' id='word_1_175' title='bbox 501 1638 593 1666; x_wconf 81' lang='lat' dir='ltr'>erant</span> <span class='ocrx_word' id='word_1_176' title='bbox 615 1634 738 1667; x_wconf 81' lang='lat' dir='ltr'>iubare.</span> <span class='ocrx_word' id='word_1_177' title='bbox 957 1634 1151 1674; x_wconf 84' lang='lat' dir='ltr'>Precemque</span> <span class='ocrx_word' id='word_1_178' title='bbox 1181 1638 1324 1667; x_wconf 85' lang='lat' dir='ltr'>nostram</span> <span class='ocrx_word' id='word_1_179' title='bbox 1348 1637 1484 1676; x_wconf 80' lang='lat' dir='ltr'>suscipe.</span> 
     </span>
    </p>
   </div>
   <div class='ocr_carea' id='block_1_9' title="bbox 559 1709 1070 1890">
    <p class='ocr_par' dir='ltr' id='par_1_13' title="bbox 559 1709 1070 1890">
     <span class='ocr_line' id='line_1_36' title="bbox 559 1709 1058 1748; baseline -0.004 -6"><span class='ocrx_word' id='word_1_180' title='bbox 559 1710 615 1742; x_wconf 79' lang='lat'>13.</span> <span class='ocrx_word' id='word_1_181' title='bbox 638 1709 754 1740; x_wconf 87' lang='lat' dir='ltr'>Procul</span> <span class='ocrx_word' id='word_1_182' title='bbox 777 1710 930 1741; x_wconf 82' lang='lat' dir='ltr'>recedant</span> <span class='ocrx_word' id='word_1_183' title='bbox 952 1709 1058 1748; x_wconf 81' lang='lat' dir='ltr'>noxia,</span> 
     </span>
     <span class='ocr_line' id='line_1_37' title="bbox 641 1755 1066 1796; baseline 0.005 -10"><span class='ocrx_word' id='word_1_184' title='bbox 641 1755 689 1787; x_wconf 86' lang='lat' dir='ltr'>Sit</span> <span class='ocrx_word' id='word_1_185' title='bbox 713 1757 853 1795; x_wconf 85' lang='lat' dir='ltr'>castitas,</span> <span class='ocrx_word' id='word_1_186' title='bbox 877 1756 1066 1796; x_wconf 80' lang='lat' dir='ltr'>benignitas,</span> 
     </span>
     <span class='ocr_line' id='line_1_38' title="bbox 639 1802 1051 1844; baseline 0 -10"><span class='ocrx_word' id='word_1_187' title='bbox 639 1802 719 1844; x_wconf 82' lang='lat' dir='ltr'>Pax,</span> <span class='ocrx_word' id='word_1_188' title='bbox 744 1804 869 1844; x_wconf 82' lang='lat' dir='ltr'>caritas,</span> <span class='ocrx_word' id='word_1_189' title='bbox 896 1803 1051 1835; x_wconf 88' lang='lat' dir='ltr'>modestia</span> 
     </span>
     <span class='ocr_line' id='line_1_39' title="bbox 638 1849 1070 1890; baseline 0.002 -10"><span class='ocrx_word' id='word_1_190' title='bbox 638 1849 683 1880; x_wconf 88' lang='lat' dir='ltr'>Et</span> <span class='ocrx_word' id='word_1_191' title='bbox 705 1850 796 1890; x_wconf 88' lang='lat' dir='ltr'>larga</span> <span class='ocrx_word' id='word_1_192' title='bbox 818 1851 850 1882; x_wconf 91' lang='lat' dir='ltr'>in</span> <span class='ocrx_word' id='word_1_193' title='bbox 876 1860 933 1882; x_wconf 87' lang='lat' dir='ltr'>nos</span> <span class='ocrx_word' id='word_1_194' title='bbox 959 1851 1070 1890; x_wconf 85' lang='lat' dir='ltr'>gratia.</span> 
     </span>
    </p>
   </div>
   <div class='ocr_carea' id='block_1_10' title="bbox 184 1947 1488 2364">
    <p class='ocr_par' dir='ltr' id='par_1_14' title="bbox 184 1947 1488 2364">
     <span class='ocr_line' id='line_1_40' title="bbox 260 1947 1485 1990; baseline 0.005 -14"><span class='ocrx_word' id='word_1_195' title='bbox 260 1949 336 1977; x_wconf 88' lang='lat' dir='ltr'>LSb.</span> <span class='ocrx_word' id='word_1_196' title='bbox 351 1964 388 1968; x_wconf 90' lang='lat'>-—</span> <span class='ocrx_word' id='word_1_197' title='bbox 403 1947 427 1983; x_wconf 89' lang='lat'>1,</span> <span class='ocrx_word' id='word_1_198' title='bbox 442 1948 459 1977; x_wconf 86' lang='lat'>3</span> <span class='ocrx_word' id='word_1_199' title='bbox 480 1950 585 1978; x_wconf 80' lang='lat' dir='ltr'>devita.</span> <span class='ocrx_word' id='word_1_200' title='bbox 600 1964 637 1968; x_wconf 96' lang='lat'><strong>—</strong></span> <span class='ocrx_word' id='word_1_201' title='bbox 652 1948 677 1984; x_wconf 88' lang='lat'>1,</span> <span class='ocrx_word' id='word_1_202' title='bbox 691 1949 711 1978; x_wconf 88' lang='lat'>4</span> <span class='ocrx_word' id='word_1_203' title='bbox 728 1952 868 1987; x_wconf 24' lang='lat' dir='ltr'>rependit,</span> <span class='ocrx_word' id='word_1_204' title='bbox 884 1966 920 1970; x_wconf 87' lang='lat'>—-</span> <span class='ocrx_word' id='word_1_205' title='bbox 933 1949 959 1985; x_wconf 85' lang='lat'>2,</span> <span class='ocrx_word' id='word_1_206' title='bbox 973 1949 993 1978; x_wconf 84' lang='lat'>4</span> <span class='ocrx_word' id='word_1_207' title='bbox 1012 1952 1153 1980; x_wconf 87' lang='lat' dir='ltr'>Libamus</span> <span class='ocrx_word' id='word_1_208' title='bbox 1173 1955 1241 1981; x_wconf 87' lang='lat' dir='ltr'>tura</span> <span class='ocrx_word' id='word_1_209' title='bbox 1260 1956 1433 1990; x_wconf 88' lang='lat' dir='ltr'>promptior.</span> <span class='ocrx_word' id='word_1_210' title='bbox 1447 1971 1485 1975; x_wconf 89' lang='lat'><strong>—</strong></span> 
     </span>
     <span class='ocr_line' id='line_1_41' title="bbox 186 1985 1486 2025; baseline 0.005 -12"><span class='ocrx_word' id='word_1_211' title='bbox 186 1986 213 2021; x_wconf 78' lang='lat'>3,</span> <span class='ocrx_word' id='word_1_212' title='bbox 233 1986 252 2014; x_wconf 80' lang='lat'><strong>2</strong></span> <span class='ocrx_word' id='word_1_213' title='bbox 279 1989 389 2014; x_wconf 84' lang='lat' dir='ltr'>ortatus</span> <span class='ocrx_word' id='word_1_214' title='bbox 416 1990 466 2014; x_wconf 80' lang='lat' dir='ltr'>est.</span> <span class='ocrx_word' id='word_1_215' title='bbox 493 2002 531 2007; x_wconf 84' lang='lat'><strong>—</strong></span> <span class='ocrx_word' id='word_1_216' title='bbox 555 1986 581 2021; x_wconf 82' lang='lat'>3,</span> <span class='ocrx_word' id='word_1_217' title='bbox 602 1985 621 2014; x_wconf 82' lang='lat'><strong>3</strong></span> <span class='ocrx_word' id='word_1_218' title='bbox 649 1988 785 2021; x_wconf 74' lang='lat' dir='ltr'>Quiricus</span> <span class='ocrx_word' id='word_1_219' title='bbox 810 1993 843 2016; x_wconf 81' lang='lat' dir='ltr'>ut</span> <span class='ocrx_word' id='word_1_220' title='bbox 869 1991 930 2025; x_wconf 80' lang='lat' dir='ltr'>agit</span> <span class='ocrx_word' id='word_1_221' title='bbox 949 1990 1136 2017; x_wconf 87' lang='lat' dir='ltr'>manissimis.</span> <span class='ocrx_word' id='word_1_222' title='bbox 1159 2006 1191 2009; x_wconf 97' lang='lat'><strong>—</strong></span> <span class='ocrx_word' id='word_1_223' title='bbox 1216 1989 1242 2025; x_wconf 82' lang='lat'>3,</span> <span class='ocrx_word' id='word_1_224' title='bbox 1263 1990 1284 2018; x_wconf 89' lang='lat'>4</span> <span class='ocrx_word' id='word_1_225' title='bbox 1304 2000 1430 2020; x_wconf 85' lang='lat' dir='ltr'>onorem.</span> <span class='ocrx_word' id='word_1_226' title='bbox 1449 2007 1486 2011; x_wconf 97' lang='lat'><strong>—</strong></span> 
     </span>
     <span class='ocr_line' id='line_1_42' title="bbox 185 2023 1486 2064; baseline 0.004 -12"><span class='ocrx_word' id='word_1_227' title='bbox 185 2025 212 2060; x_wconf 89' lang='lat'>4,</span> <span class='ocrx_word' id='word_1_228' title='bbox 236 2023 250 2052; x_wconf 87' lang='lat'>1</span> <span class='ocrx_word' id='word_1_229' title='bbox 271 2024 403 2051; x_wconf 86' lang='lat' dir='ltr'>devilem.</span> <span class='ocrx_word' id='word_1_230' title='bbox 479 2023 505 2058; x_wconf 88' lang='lat'>4,</span> <span class='ocrx_word' id='word_1_231' title='bbox 526 2023 544 2051; x_wconf 86' lang='lat'><strong>2</strong></span> <span class='ocrx_word' id='word_1_232' title='bbox 564 2025 729 2061; x_wconf 81' lang='lat' dir='ltr'>demonum3</span> <span class='ocrx_word' id='word_1_233' title='bbox 755 2026 809 2054; x_wconf 83' lang='lat' dir='ltr'>hes</span> <span class='ocrx_word' id='word_1_234' title='bbox 829 2026 979 2054; x_wconf 84' lang='lat' dir='ltr'>vielleicht</span> <span class='ocrx_word' id='word_1_235' title='bbox 997 2024 1143 2055; x_wconf 82' lang='lat' dir='ltr'>iudicem?</span> <span class='ocrx_word' id='word_1_236' title='bbox 1172 2044 1208 2048; x_wconf 93' lang='lat'>——</span> <span class='ocrx_word' id='word_1_237' title='bbox 1227 2028 1254 2062; x_wconf 82' lang='lat'>4,</span> <span class='ocrx_word' id='word_1_238' title='bbox 1276 2026 1294 2055; x_wconf 73' lang='lat'><strong>3</strong></span> <span class='ocrx_word' id='word_1_239' title='bbox 1313 2030 1428 2064; x_wconf 85' lang='lat' dir='ltr'>perditi.</span> <span class='ocrx_word' id='word_1_240' title='bbox 1449 2045 1486 2049; x_wconf 91' lang='lat'><strong>—</strong></span> 
     </span>
     <span class='ocr_line' id='line_1_43' title="bbox 186 2060 1487 2104; baseline 0.006 -17"><span class='ocrx_word' id='word_1_241' title='bbox 186 2062 213 2096; x_wconf 90' lang='lat'>4,</span> <span class='ocrx_word' id='word_1_242' title='bbox 234 2061 254 2089; x_wconf 85' lang='lat'>4</span> <span class='ocrx_word' id='word_1_243' title='bbox 280 2062 375 2097; x_wconf 86' lang='lat' dir='ltr'>adque</span> <span class='ocrx_word' id='word_1_244' title='bbox 394 2063 487 2089; x_wconf 83' lang='lat' dir='ltr'>factus</span> <span class='ocrx_word' id='word_1_245' title='bbox 513 2071 536 2089; x_wconf 88' lang='lat' dir='ltr'>e.</span> <span class='ocrx_word' id='word_1_246' title='bbox 563 2078 601 2082; x_wconf 91' lang='lat'>-—</span> <span class='ocrx_word' id='word_1_247' title='bbox 621 2061 647 2095; x_wconf 84' lang='lat'>5,</span> <span class='ocrx_word' id='word_1_248' title='bbox 668 2060 686 2088; x_wconf 80' lang='lat'><strong><em>2</em></strong></span> <span class='ocrx_word' id='word_1_249' title='bbox 705 2064 871 2091; x_wconf 83' lang='lat' dir='ltr'>Alaxander</span> <span class='ocrx_word' id='word_1_250' title='bbox 890 2065 998 2091; x_wconf 83' lang='lat' dir='ltr'>furore.</span> <span class='ocrx_word' id='word_1_251' title='bbox 1019 2079 1056 2082; x_wconf 97' lang='lat'><strong>—</strong></span> <span class='ocrx_word' id='word_1_252' title='bbox 1076 2064 1102 2097; x_wconf 80' lang='lat'>5,</span> <span class='ocrx_word' id='word_1_253' title='bbox 1124 2063 1142 2093; x_wconf 86' lang='lat'>3</span> <span class='ocrx_word' id='word_1_254' title='bbox 1162 2067 1323 2104; x_wconf 84' lang='lat' dir='ltr'>Laetaque.</span> <span class='ocrx_word' id='word_1_255' title='bbox 1350 2082 1381 2086; x_wconf 92' lang='lat'>—-</span> <span class='ocrx_word' id='word_1_256' title='bbox 1403 2068 1487 2095; x_wconf 83' lang='lat' dir='ltr'>Nach</span> 
     </span>
     <span class='ocr_line' id='line_1_44' title="bbox 186 2097 1487 2141; baseline 0.005 -14"><span class='ocrx_word' id='word_1_257' title='bbox 186 2100 242 2128; x_wconf 86' lang='lat' dir='ltr'>Str.</span> <span class='ocrx_word' id='word_1_258' title='bbox 268 2097 285 2125; x_wconf 87' lang='lat'>5</span> <span class='ocrx_word' id='word_1_259' title='bbox 309 2099 407 2135; x_wconf 85' lang='lat' dir='ltr'>folgen</span> <span class='ocrx_word' id='word_1_260' title='bbox 426 2100 473 2127; x_wconf 87' lang='lat' dir='ltr'>die</span> <span class='ocrx_word' id='word_1_261' title='bbox 494 2099 638 2136; x_wconf 64' lang='lat' dir='ltr'>Strophen</span> <span class='ocrx_word' id='word_1_262' title='bbox 659 2097 732 2126; x_wconf 73' lang='grc'>6-8</span> <span class='ocrx_word' id='word_1_263' title='bbox 751 2101 802 2128; x_wconf 88' lang='lat' dir='ltr'>des</span> <span class='ocrx_word' id='word_1_264' title='bbox 821 2103 942 2137; x_wconf 81' lang='lat' dir='ltr'>vorigen</span> <span class='ocrx_word' id='word_1_265' title='bbox 963 2102 1105 2136; x_wconf 82' lang='lat' dir='ltr'>Hymnus.</span> <span class='ocrx_word' id='word_1_266' title='bbox 1127 2118 1164 2122; x_wconf 91' lang='lat'><strong>—</strong></span> <span class='ocrx_word' id='word_1_267' title='bbox 1184 2103 1210 2134; x_wconf 85' lang='lat'>6,</span> <span class='ocrx_word' id='word_1_268' title='bbox 1232 2103 1250 2131; x_wconf 89' lang='grc'>2</span> <span class='ocrx_word' id='word_1_269' title='bbox 1272 2104 1316 2131; x_wconf 83' lang='lat' dir='ltr'>Ad</span> <span class='ocrx_word' id='word_1_270' title='bbox 1337 2110 1487 2141; x_wconf 79' lang='lat' dir='ltr'>exspecta—</span> 
     </span>
     <span class='ocr_line' id='line_1_45' title="bbox 187 2134 1488 2177; baseline 0.003 -12"><span class='ocrx_word' id='word_1_271' title='bbox 187 2138 282 2165; x_wconf 87' lang='lat' dir='ltr'>culum</span> <span class='ocrx_word' id='word_1_272' title='bbox 307 2139 473 2172; x_wconf 82' lang='lat' dir='ltr'>martyrum.</span> <span class='ocrx_word' id='word_1_273' title='bbox 496 2152 535 2156; x_wconf 85' lang='lat'><strong>—</strong></span> <span class='ocrx_word' id='word_1_274' title='bbox 554 2137 580 2170; x_wconf 83' lang='lat'>6,</span> <span class='ocrx_word' id='word_1_275' title='bbox 601 2134 618 2163; x_wconf 84' lang='lat'><strong>3</strong></span> <span class='ocrx_word' id='word_1_276' title='bbox 640 2137 724 2170; x_wconf 77' lang='lat' dir='ltr'>Quod</span> <span class='ocrx_word' id='word_1_277' title='bbox 744 2138 859 2165; x_wconf 78' lang='lat' dir='ltr'>siduum</span> <span class='ocrx_word' id='word_1_278' title='bbox 878 2138 1032 2166; x_wconf 76' lang='lat' dir='ltr'>occiderat.</span> <span class='ocrx_word' id='word_1_279' title='bbox 1052 2154 1089 2158; x_wconf 90' lang='lat'><strong>—</strong></span> <span class='ocrx_word' id='word_1_280' title='bbox 1111 2139 1135 2173; x_wconf 85' lang='lat'>6,</span> <span class='ocrx_word' id='word_1_281' title='bbox 1156 2140 1176 2169; x_wconf 83' lang='lat'>4</span> <span class='ocrx_word' id='word_1_282' title='bbox 1196 2142 1254 2176; x_wconf 78' lang='lat' dir='ltr'>Qui</span> <span class='ocrx_word' id='word_1_283' title='bbox 1274 2150 1383 2177; x_wconf 78' lang='lat' dir='ltr'>magna</span> <span class='ocrx_word' id='word_1_284' title='bbox 1403 2147 1488 2171; x_wconf 82' lang='lat' dir='ltr'>erant</span> 
     </span>
     <span class='ocr_line' id='line_1_46' title="bbox 184 2172 1488 2214; baseline 0.004 -11"><span class='ocrx_word' id='word_1_285' title='bbox 184 2176 293 2203; x_wconf 78' lang='lat' dir='ltr'>uibere.</span> <span class='ocrx_word' id='word_1_286' title='bbox 309 2189 344 2193; x_wconf 85' lang='lat'>—</span> <span class='ocrx_word' id='word_1_287' title='bbox 358 2173 384 2208; x_wconf 82' lang='lat'>7,</span> <span class='ocrx_word' id='word_1_288' title='bbox 401 2173 416 2202; x_wconf 89' lang='lat'>1</span> <span class='ocrx_word' id='word_1_289' title='bbox 436 2175 544 2202; x_wconf 88' lang='lat' dir='ltr'>Iolitta.</span> <span class='ocrx_word' id='word_1_290' title='bbox 561 2190 593 2195; x_wconf 86' lang='lat'><em>-</em></span> <span class='ocrx_word' id='word_1_291' title='bbox 613 2173 638 2207; x_wconf 83' lang='lat'>7,</span> <span class='ocrx_word' id='word_1_292' title='bbox 656 2172 674 2202; x_wconf 82' lang='grc'><strong>3</strong></span> <span class='ocrx_word' id='word_1_293' title='bbox 694 2176 865 2209; x_wconf 87' lang='lat' dir='ltr'>quocabum.</span> <span class='ocrx_word' id='word_1_294' title='bbox 879 2191 916 2195; x_wconf 86' lang='lat'>—</span> <span class='ocrx_word' id='word_1_295' title='bbox 930 2173 957 2208; x_wconf 85' lang='lat'>8,</span> <span class='ocrx_word' id='word_1_296' title='bbox 974 2174 988 2202; x_wconf 96' lang='grc'>1</span> <span class='ocrx_word' id='word_1_297' title='bbox 1010 2181 1113 2205; x_wconf 84' lang='lat' dir='ltr'>cessat.</span> <span class='ocrx_word' id='word_1_298' title='bbox 1125 2194 1162 2198; x_wconf 88' lang='lat'><strong>—</strong></span> <span class='ocrx_word' id='word_1_299' title='bbox 1175 2177 1202 2213; x_wconf 87' lang='lat'>8,</span> <span class='ocrx_word' id='word_1_300' title='bbox 1217 2178 1235 2206; x_wconf 86' lang='lat'>2</span> <span class='ocrx_word' id='word_1_301' title='bbox 1254 2182 1435 2214; x_wconf 79' lang='lat' dir='ltr'>martyrium.</span> <span class='ocrx_word' id='word_1_302' title='bbox 1448 2196 1488 2200; x_wconf 90' lang='lat'>—</span> 
     </span>
     <span class='ocr_line' id='line_1_47' title="bbox 185 2211 1487 2250; baseline 0.005 -10"><span class='ocrx_word' id='word_1_303' title='bbox 185 2211 211 2247; x_wconf 88' lang='lat'>8,</span> <span class='ocrx_word' id='word_1_304' title='bbox 226 2211 245 2240; x_wconf 90' lang='lat'>4</span> <span class='ocrx_word' id='word_1_305' title='bbox 266 2213 342 2246; x_wconf 77' lang='lat' dir='ltr'>Quia</span> <span class='ocrx_word' id='word_1_306' title='bbox 360 2212 455 2240; x_wconf 83' lang='lat' dir='ltr'>fidelis</span> <span class='ocrx_word' id='word_1_307' title='bbox 470 2215 514 2239; x_wconf 88' lang='lat' dir='ltr'>est</span> <span class='ocrx_word' id='word_1_308' title='bbox 526 2214 558 2240; x_wconf 88' lang='lat' dir='ltr'>in</span> <span class='ocrx_word' id='word_1_309' title='bbox 572 2213 715 2240; x_wconf 89' lang='lat' dir='ltr'>omnibus.</span> <span class='ocrx_word' id='word_1_310' title='bbox 731 2229 767 2233; x_wconf 96' lang='lat'>—</span> <span class='ocrx_word' id='word_1_311' title='bbox 783 2212 826 2247; x_wconf 89' lang='lat'>10,</span> <span class='ocrx_word' id='word_1_312' title='bbox 843 2212 857 2240; x_wconf 88' lang='lat'>1</span> <span class='ocrx_word' id='word_1_313' title='bbox 872 2214 1039 2241; x_wconf 83' lang='lat' dir='ltr'>Alaxander</span> <span class='ocrx_word' id='word_1_314' title='bbox 1052 2216 1164 2244; x_wconf 80' lang='lat' dir='ltr'>videns.</span> <span class='ocrx_word' id='word_1_315' title='bbox 1179 2232 1217 2235; x_wconf 97' lang='lat'><strong>—</strong></span> <span class='ocrx_word' id='word_1_316' title='bbox 1234 2216 1277 2250; x_wconf 88' lang='grc'>10,</span> <span class='ocrx_word' id='word_1_317' title='bbox 1291 2215 1311 2243; x_wconf 85' lang='lat'>4</span> <span class='ocrx_word' id='word_1_318' title='bbox 1324 2226 1435 2246; x_wconf 84' lang='lat' dir='ltr'>cruore.</span> <span class='ocrx_word' id='word_1_319' title='bbox 1449 2234 1487 2238; x_wconf 88' lang='lat'>—</span> 
     </span>
     <span class='ocr_line' id='line_1_48' title="bbox 186 2248 1488 2287; baseline 0.005 -9"><span class='ocrx_word' id='word_1_320' title='bbox 186 2250 230 2284; x_wconf 77' lang='grc'>11,</span> <span class='ocrx_word' id='word_1_321' title='bbox 247 2248 261 2277; x_wconf 89' lang='grc'>1</span> <span class='ocrx_word' id='word_1_322' title='bbox 281 2250 346 2277; x_wconf 80' lang='lat' dir='ltr'>&#39;Hec</span> <span class='ocrx_word' id='word_1_323' title='bbox 364 2252 452 2277; x_wconf 78' lang='lat' dir='ltr'>nicon</span> <span class='ocrx_word' id='word_1_324' title='bbox 471 2251 583 2277; x_wconf 83' lang='lat' dir='ltr'>civitas.</span> <span class='ocrx_word' id='word_1_325' title='bbox 600 2265 636 2269; x_wconf 93' lang='lat'>—</span> <span class='ocrx_word' id='word_1_326' title='bbox 652 2248 695 2283; x_wconf 88' lang='lat'>11,</span> <span class='ocrx_word' id='word_1_327' title='bbox 709 2248 726 2277; x_wconf 86' lang='lat'>3</span> <span class='ocrx_word' id='word_1_328' title='bbox 748 2250 805 2283; x_wconf 82' lang='lat' dir='ltr'>Qui</span> <span class='ocrx_word' id='word_1_329' title='bbox 826 2254 882 2285; x_wconf 86' lang='lat' dir='ltr'>est;</span> <span class='ocrx_word' id='word_1_330' title='bbox 902 2259 1043 2279; x_wconf 84' lang='lat' dir='ltr'>muneres.</span> <span class='ocrx_word' id='word_1_331' title='bbox 1058 2267 1096 2272; x_wconf 85' lang='lat'>—</span> <span class='ocrx_word' id='word_1_332' title='bbox 1111 2252 1154 2287; x_wconf 82' lang='lat'>13,</span> <span class='ocrx_word' id='word_1_333' title='bbox 1171 2254 1186 2282; x_wconf 90' lang='lat'>1</span> <span class='ocrx_word' id='word_1_334' title='bbox 1206 2255 1325 2282; x_wconf 82' lang='lat' dir='ltr'>recedat</span> <span class='ocrx_word' id='word_1_335' title='bbox 1344 2258 1435 2284; x_wconf 85' lang='lat' dir='ltr'>noxii.</span> <span class='ocrx_word' id='word_1_336' title='bbox 1448 2272 1488 2276; x_wconf 90' lang='lat'><strong>—</strong></span> 
     </span>
     <span class='ocr_line' id='line_1_49' title="bbox 184 2287 1486 2326; baseline 0.005 -11"><span class='ocrx_word' id='word_1_337' title='bbox 184 2289 250 2324; x_wconf 83' lang='lat' dir='ltr'>Vgl.</span> <span class='ocrx_word' id='word_1_338' title='bbox 275 2288 326 2315; x_wconf 79' lang='lat' dir='ltr'>das</span> <span class='ocrx_word' id='word_1_339' title='bbox 350 2297 415 2315; x_wconf 87' lang='lat' dir='ltr'>zum</span> <span class='ocrx_word' id='word_1_340' title='bbox 435 2289 557 2325; x_wconf 83' lang='lat' dir='ltr'>vorigen</span> <span class='ocrx_word' id='word_1_341' title='bbox 577 2287 711 2321; x_wconf 82' lang='lat' dir='ltr'>Hymnus</span> <span class='ocrx_word' id='word_1_342' title='bbox 730 2289 893 2316; x_wconf 85' lang='lat' dir='ltr'>Bemerkte.</span> <span class='ocrx_word' id='word_1_343' title='bbox 935 2288 1025 2316; x_wconf 83' lang='lat' dir='ltr'>Beide</span> <span class='ocrx_word' id='word_1_344' title='bbox 1044 2290 1183 2326; x_wconf 82' lang='lat' dir='ltr'>Hymnen</span> <span class='ocrx_word' id='word_1_345' title='bbox 1203 2293 1341 2320; x_wconf 83' lang='lat' dir='ltr'>scheinen</span> <span class='ocrx_word' id='word_1_346' title='bbox 1361 2303 1414 2321; x_wconf 79' lang='lat' dir='ltr'>aus</span> <span class='ocrx_word' id='word_1_347' title='bbox 1435 2295 1486 2323; x_wconf 87' lang='lat' dir='ltr'>der</span> 
     </span>
     <span class='ocr_line' id='line_1_50' title="bbox 186 2325 1449 2364; baseline 0.005 -10"><span class='ocrx_word' id='word_1_348' title='bbox 186 2326 394 2354; x_wconf 82' lang='lat' dir='ltr'>Abtei-Kirche</span> <span class='ocrx_word' id='word_1_349' title='bbox 413 2325 595 2358; x_wconf 77' lang='lat' dir='ltr'>San-Quiree</span> <span class='ocrx_word' id='word_1_350' title='bbox 614 2334 672 2352; x_wconf 88' lang='lat' dir='ltr'>von</span> <span class='ocrx_word' id='word_1_351' title='bbox 691 2326 804 2362; x_wconf 71' lang='lat' dir='ltr'>Bul-gos</span> <span class='ocrx_word' id='word_1_352' title='bbox 824 2336 862 2353; x_wconf 87' lang='lat' dir='ltr'>zu</span> <span class='ocrx_word' id='word_1_353' title='bbox 882 2330 1032 2354; x_wconf 87' lang='lat' dir='ltr'>stammen.</span> <span class='ocrx_word' id='word_1_354' title='bbox 1060 2329 1129 2364; x_wconf 79' lang='lat' dir='ltr'>Vgl.</span> <span class='ocrx_word' id='word_1_355' title='bbox 1150 2331 1226 2357; x_wconf 85' lang='lat' dir='ltr'>Acta.</span> <span class='ocrx_word' id='word_1_356' title='bbox 1245 2329 1296 2358; x_wconf 79' lang='lat' dir='ltr'>SS.</span> <span class='ocrx_word' id='word_1_357' title='bbox 1316 2330 1336 2357; x_wconf 83' lang='lat'>1.</span> <span class='ocrx_word' id='word_1_358' title='bbox 1358 2341 1382 2359; x_wconf 85' lang='lat' dir='ltr'>c.</span> <span class='ocrx_word' id='word_1_359' title='bbox 1403 2331 1449 2360; x_wconf 83' lang='lat'>22.</span> 
     </span>
    </p>
   </div>
  </div>
 </body>
</html>
