1650 2610
674 125 933 160 —271—

338 213 393 246 13.
420 215 494 248 Non
517 218 635 249 nostris
659 223 773 252 noceat
795 222 890 262 pugio
915 221 1040 264 finibuS,

420 263 485 295 Sed
509 263 616 296 firmes
641 266 746 299 animo
769 269 931 310 principes
955 270 1090 313 inclitos,

422 311 460 343 111
487 313 608 343 cunctis
635 313 762 353 vigeant
785 316 900 348 robore
923 318 1045 357 gratiae

563 359 657 391 Facti
680 361 821 402 undique
847 366 1015 405 compotes.

342 422 396 455 14.
423 423 571 456 Defende
594 427 745 467 populum
771 429 898 461 vindice
924 431 1064 468 dextera,

424 471 484 510 Qui
508 481 599 504 sacro
624 474 728 514 pretio
753 477 914 516 sanguinis
939 480 1061 518 emptus
1087 481 1144 518 est,

422 519 472 550 Ac
495 528 571 551 vero
596 520 716 552 lavacri
740 524 865 563 gurgite
889 524 1021 555 abluens

563 567 627 599 Tot
650 577 743 601 sacra
765 570 823 601 tibi
849 571 976 603 milites.

340 630 394 663 15.
420 632 593 664 Victricem
618 633 733 673 tribue,
761 635 896 673 Christe,
924 637 964 668 de
988 637 1132 669 hostibus

421 679 564 710 Palmam
590 680 781 713 christicolis
807 683 939 714 caelitus
964 684 1091 723 regibus

418 726 470 758 Ex
496 727 572 758 totis
598 727 718 759 viribus
743 733 776 760 te
799 730 1038 762 redamantibus

562 774 655 813 voto,
680 775 747 807 vita
772 779 804 807 et
827 777 959 810 actibus

344 839 399 872 16.
426 839 522 871 Nunc
548 843 661 881 coepta
686 845 841 882 peragant
864 843 1024 882 gressibus
1049 844 1219 886 prosperis,

422 886 500 919 Cum
524 896 605 928 pace
628 888 765 921 redeant
788 890 918 921 sedibus
943 890 1083 929 propriis

421 934 617 974 Pactumque
641 935 785 968 recinant
809 937 958 976 hymnum
984 937 1017 968 in
1043 938 1180 969 aetheris

562 982 705 1013 Huiusce
728 983 788 1015 tibi
812 984 952 1016 vocibus.

343 1048 398 1079 17.
425 1048 473 1080 Sit
499 1048 584 1079 trino
611 1048 745 1081 Domino
770 1050 873 1089 gloria
896 1050 998 1092 unico,

423 1095 567 1135 Regnum
592 1098 792 1136 perpetuum,
820 1101 913 1128 aucta
936 1097 1129 1138 perennitas,

420 1143 479 1182 Qui
504 1151 629 1184 semper
653 1141 780 1175 famulis
805 1147 908 1176 comta
933 1153 1049 1176 corona
1072 1154 1116 1185 es,

565 1190 714 1230 Regnans
739 1192 874 1223 saeculis
900 1191 1054 1223 omnibus.

217 1273 283 1300 MT.
305 1288 346 1292 —
366 1271 390 1307 1,
413 1272 431 1300 2
450 1274 507 1302 hae
526 1276 585 1310 pia.
664 1273 690 1308 2,
712 1273 730 1303 ἑὲ
752 1278 833 1303 tante
852 1277 990 1303 lacrimis.
1069 1274 1095 1309 5,
1119 1274 1138 1303 2
1158 1276 1309 1303 Fan-arnis.
1332 1290 1367 1294 —
1388 1273 1414 1308 5,
1434 1274 1455 1303 4

142 1312 255 1339 mersis.
281 1327 317 1331 -—
346 1309 372 1344 6,
393 1309 411 1340 3
440 1313 578 1340 hictibus.
606 1329 642 1333 ——
669 1312 695 1346 7,
716 1311 734 1339 2
762 1314 888 1342 adereat.
915 1328 951 1332 —
979 1312 1005 1346 9,
1027 1311 1044 1340 2
1070 1315 1191 1341 frustrat
1210 1314 1343 1340 minitrat
1365 1313 1450 1341 turba

143 1349 313 1377 satellitum.
331 1364 367 1367 —
392 1348 436 1382 12,
458 1348 477 1378 3
499 1350 547 1377 Ex
567 1352 653 1378 iusto.
684 1368 687 1371 -
724 1350 768 1387 13,
791 1350 809 1378 2
830 1352 882 1379 Set
900 1352 996 1379 firmes
1017 1353 1113 1379 anime
1135 1352 1272 1387 principis
1299 1351 1403 1378 incliti.
1417 1366 1456 1370 -——

144 1385 187 1422 13,
202 1385 220 1415 3
239 1388 348 1423 vigeat.
362 1403 400 1408 -
416 1386 459 1423 14,
474 1387 492 1415 2
514 1389 607 1422 Quem
627 1398 720 1416 saero-
734 1405 772 1409 —
790 1388 834 1424 14,
848 1387 866 1417 3
885 1391 950 1417 Hac
968 1398 1047 1416 vero.
1062 1404 1086 1409 —-
1117 1388 1160 1422 14,
1175 1388 1195 1416 4
1207 1389 1284 1416 Toth
1299 1396 1406 1416 sacras.
1417 1404 1456 1408 —

143 1423 187 1459 15,
208 1423 228 1453 4
246 1426 326 1453 Vota
343 1426 416 1454 vita.
435 1441 475 1445 ——-
495 1426 551 1454 Cfr.
571 1427 673 1463 Migne
693 1425 739 1461 86,
760 1426 815 1456 915:
836 1436 878 1463 sq.

630 1537 690 1569 196.
722 1537 755 1569 In
776 1539 857 1570 Novo
877 1540 974 1570 Anno.

154 1618 184 1649 1.
210 1616 300 1648 Fove
323 1627 418 1658 nunc,
445 1620 556 1649 sancte
579 1617 725 1657 Domine,
839 1621 871 1652 4.
897 1618 966 1650 Fac
990 1627 1046 1650 nos
1072 1620 1133 1651 hoc
1156 1621 1280 1657 tempus
1305 1616 1411 1655 spatia

211 1665 282 1696 Tua
305 1665 445 1705 repletos
471 1665 585 1705 gratia,
896 1664 1003 1697 Fideli
1029 1669 1135 1698 mente
1159 1673 1265 1705 agere,

209 1712 296 1744 Anni
321 1712 385 1744 hoc
410 1722 505 1745 cursu
529 1712 682 1754 temporis
898 1713 1041 1753 Qualiter
1066 1713 1167 1746 oculis
1192 1712 1255 1743 tuis

208 1760 294 1792 Novi
317 1769 445 1801 semper
471 1760 642 1792 custodias
894 1761 1078 1792 Mei-eamur
1103 1760 1309 1801 complacere.

153 1831 185 1860 2.
210 1827 376 1859 Momenta
402 1830 526 1867 cuncta,
550 1826 698 1866 Domine,
839 1831 871 1860 5.
900 1827 980 1859 Nam
1008 1827 1096 1859 hisee
1119 1835 1204 1858 nunc
1229 1825 1436 1866 temporibus,

210 1874 359 1907 Concede
382 1876 453 1907 sine
479 1875 620 1913 crimine,
901 1875 1029 1907 Christe
1062 1875 1256 1915 redemptor,
1283 1873 1441 1914 poscimus

206 1924 366 1956 Fruamur
391 1926 456 1963 tua,
481 1922 627 1962 Domine,
899 1923 1008 1954 Pellas
1033 1931 1052 1953 a
1077 1922 1167 1954 nobis
1192 1921 1319 1953 noxium

209 1970 362 2003 Custodia
387 1973 554 2012 perpetua.
899 1970 1024 2011 Anguis
1051 1969 1234 2010 nequissimi
1259 1968 1346 2000 virus

151 2040 182 2072 3.
209 2038 407 2077 Terramquc
432 2038 522 2077 reple
547 2035 716 2071 fructibus,
837 2041 869 2072 6,
897 2037 1033 2070 Perenni
1058 2045 1152 2069 cursu
1176 2036 1282 2076 spatia

206 2086 366 2125 Animam,
395 2094 510 2126 corpus
536 2083 634 2116 facito
896 2086 1024 2125 Septem
1051 2085 1172 2116 dierum
1198 2083 1366 2121 volvimur,

205 2133 340 2176 Morbis,
370 2132 496 2165 delictis
515 2140 633 2171 carere,
892 2133 960 2165 Nos
985 2132 1165 2173 septiformi
1189 2131 1311 2171 gratiae
1339 2177 1345 2182 Ι

206 2181 339 2214 Famem
365 2182 398 2212 et
421 2182 546 2213 hostem
571 2179 691 2211 cohibe.
891 2181 1031 2221 Dignare
1056 2181 1222 2220 promptus
1245 2178 1358 2218 ingeri,

449 2248 479 2281 7.
506 2246 597 2279 Haec
620 2255 744 2288 nempe,
773 2248 906 2291 Christe,
935 2246 1064 2279 condita

506 2295 576 2327 Tua
600 2298 707 2326 manet
730 2296 884 2338 potentia,

508 2342 604 2375 Cuius
629 2345 780 2384 potestas,
806 2344 909 2384 gloria

509 2391 572 2424 Per
598 2394 711 2423 cuncta
735 2394 849 2433 regnat
872 2389 1010 2427 saecula,
