1650 2610
425 225 481 257 15.

423 471 478 503 16.

421 715 475 747 17.

417 961 473 993 18.

416 1207 469 1239 19.

419 1454 474 1488 20.

411 1700 466 1732 21.

409 1948 464 1980 22.

406 2196 461 2229 23.

702 131 960 167 —233—

507 226 581 258 Non
605 226 667 260 hoc
685 228 783 268 potiri
809 229 1014 261 distrahendo
1042 227 1163 268 opines,

504 273 548 305 Ni
573 274 732 307 Christum
759 276 871 308 credas
895 276 996 319 prius,
1021 275 1124 308 sancti
1143 275 1299 319 inquiunt,

505 320 573 353 Tuo
598 322 723 354 medela
748 324 809 355 erit
832 324 920 356 nulla
945 324 1088 363 corpori;

504 368 567 399 Ast
590 369 660 409 ipse
687 373 778 402 vovet
801 371 909 403 statim
934 371 977 403 ad
1001 371 1081 402 haec
1106 369 1236 401 credere

502 415 667 456 Adempta
689 418 773 449 omni
796 418 938 457 pectoris
963 417 1144 451 formidine.

506 471 571 504 Sed
595 482 668 505 mox
693 474 779 506 beati
803 475 933 507 hortant
957 483 1026 506 eum
1049 473 1214 506 commode

503 520 596 552 Prius
623 521 753 553 deorum
777 520 852 553 ficta
875 525 1017 553 monstra
1041 521 1197 560 frangere,

505 565 668 599 Culturam
692 577 807 608 nempe
830 569 958 601 noxiam
983 576 1105 601 omnem
1125 568 1256 608 pellere,

506 613 635 646 Cunctis
658 616 783 647 delictis
808 615 948 648 abnuere
971 616 1125 658 protinus,

503 660 595 699 Quod
618 666 654 693 ut
679 666 800 702 agatur,
827 666 918 702 optat
940 663 997 694 ille
1021 661 1208 703 promptior.

502 717 548 748 At
572 720 608 748 ut
632 722 805 757 coeperunt
828 721 985 759 martyres
1012 717 1211 758 confringere

499 764 647 796 Delubra
670 774 753 797 vana
777 766 883 805 operis
909 766 1092 804 mechanici,

500 810 644 844 Decorus
667 815 753 844 astat
776 813 906 852 angelus
932 812 1124 852 Chromatio,

501 858 560 896 Qui
586 861 699 890 cuncta
724 863 823 898 curat,
851 859 946 891 solvit
972 863 1004 891 et
1025 859 1215 899 podagricos

499 905 609 937 Nodos
634 915 771 946 superno
796 906 941 946 protinus
966 907 1093 938 solacio.

500 961 681 994 Sebastiani
704 963 840 1003 provido
868 964 998 995 consilio

498 1008 588 1041 Tunc
612 1010 771 1050 aegrotari
796 1010 926 1042 simulat
951 1010 1147 1042 Chromatius

499 1055 685 1088 Praefectus
707 1058 789 1089 alter
813 1058 861 1089 rei
886 1058 955 1090 adit
978 1058 1134 1097 publicae,

496 1103 632 1135 Abiecta
656 1105 767 1137 mundi
790 1105 851 1137 iste
875 1108 912 1136 ut
937 1105 1104 1145 dispendia

497 1151 639 1183 Futurae
665 1152 751 1185 vitae
775 1153 956 1185 rudlmenta
980 1154 1122 1192 appetat.

498 1209 575 1241 Cum
599 1212 692 1249 patre
718 1209 821 1241 credit
847 1210 948 1241 dulcis
975 1212 1005 1240 et
1030 1207 1204 1250 Tiburtius,

497 1256 667 1296 Omnisque
695 1257 797 1288 credit
818 1258 950 1298 propria
975 1255 1107 1297 familia,

496 1302 630 1335 Centum
656 1304 801 1343 quaterni
826 1304 914 1335 mille
939 1306 971 1335 et
994 1302 1176 1345 promiscui,

495 1349 593 1382 Sacro
618 1351 729 1382 abluta
752 1352 879 1383 lavacro
907 1351 1092 1383 discrimina

499 1397 793 1438 Charismatumque
819 1402 1051 1438 consequuntur
1076 1396 1222 1438 gratiam.

502 1455 646 1486 Antistes
670 1458 739 1486 erat
763 1458 840 1486 tunc
865 1455 962 1487 Graius
989 1458 1166 1495 episcopus,

493 1502 626 1534 Sanctos
652 1502 786 1534 tuendos
813 1503 941 1542 colligat
967 1501 1167 1535 Chromatius

493 1548 599 1580 Sacris
623 1550 790 1589 praecepit
813 1550 954 1590 propriis
979 1550 1013 1581 in
1039 1548 1182 1587 aedibus,

493 1596 578 1635 Quos
602 1597 659 1628 ille
684 1606 791 1629 omnes
816 1597 863 1628 sic
887 1596 976 1629 fovet
998 1600 1028 1628 et
1055 1597 1241 1632 commonet,

494 1644 542 1677 Ut
564 1653 683 1684 pompa
706 1645 828 1676 nullum
854 1645 1027 1676 saecularis
1053 1645 1196 1682 occupet.

495 1700 601 1732 Furor
620 1701 678 1732 sed
703 1701 778 1740 quia
801 1701 922 1741 ingruit
945 1699 1137 1741 tyrannidis,

494 1748 566 1780 Hoc
589 1748 679 1779 nulla
702 1750 809 1787 potest
832 1748 956 1780 ratione
983 1747 1116 1788 contegi,

493 1794 546 1826 Ex
570 1803 662 1827 sacro
687 1795 807 1835 scripto
832 1796 936 1827 iussus
962 1800 1009 1828 est
1036 1794 1245 1834 Chromatius,

494 1841 597 1874 Causa
620 1845 657 1874 ut
679 1843 831 1875 medendi
854 1843 978 1884 longius
1003 1843 1043 1875 ab
1065 1842 1185 1881 oppido

491 1890 554 1922 Suo
579 1889 685 1922 abiret
709 1899 780 1922 cum
804 1891 870 1923 suis
896 1891 1094 1923 commercio,

491 1947 625 1980 Sanctos
650 1949 801 1988 utrosque
825 1951 901 1980 tunc
924 1951 1033 1981 monet
1056 1947 1201 1987 intentio,

491 1995 713 2028 Sebastianum
738 1996 951 2036 Polycarpum
976 2000 1193 2035 sanctumque,

488 2042 535 2075 Ut
559 2043 628 2083 quis
657 2043 697 2075 de
722 2043 787 2075 illis
812 2044 875 2075 iret
900 2053 970 2076 cum
996 2043 1154 2083 euntibus,

490 2090 555 2123 Sed
579 2091 672 2123 ambo
696 2094 853 2131 quaerunt
876 2093 1033 2132 passionis
1058 2092 1216 2134 bravium,

488 2137 527 2170 In
551 2138 631 2171 urbe
656 2139 748 2171 ambo
775 2140 919 2172 residere
944 2140 1096 2173 ambiunt.

488 2195 634 2229 Summus
659 2196 716 2229 sed
742 2206 843 2237 papas
861 2198 1075 2238 Polycarpum
1103 2197 1290 2236 commonet,

488 2245 535 2278 Ut
558 2244 746 2284 acquisitam
770 2245 896 2285 plebem
921 2246 1022 2277 nollet
1045 2245 1200 2283 linquere,

485 2291 656 2325 Novellum
682 2292 801 2324 Christi
826 2302 900 2325 rore
923 2293 978 2325 ubi
1003 2293 1136 2332 irriget3

485 2339 564 2372 Mox
590 2341 806 2372 conticescens
831 2350 923 2373 sacer
949 2341 991 2372 ad
1017 2341 1078 2372 hoc
1103 2338 1209 2370 senior

484 2388 708 2428 Blandumque
732 2389 815 2421 vatis
841 2389 954 2421 adnuit
978 2386 1156 2428 imperium.
