1650 2610
395 1813 447 1846 10.

395 2011 450 2043 11.

396 2209 450 2243 12.

698 107 950 142 —216—

473 202 614 239 Moribus
640 203 731 235 <locet
754 202 889 241 populos
913 208 1064 240 sequaces

473 252 568 285 Indui
594 250 762 290 Christum,
795 247 904 288 fugere
930 246 1059 287 caduca,

474 299 610 339 Spiritus
634 296 753 337 probra
776 295 882 327 studio
909 295 1038 326 domare

611 345 769 383 Tempore
791 344 870 375 toto.

474 404 596 440 Abnuit
618 413 761 446 pompas,
789 401 907 442 refugit
930 402 1066 435 honores

471 454 586 493 Atque,
611 452 686 483 dum
709 451 800 482 miles
824 449 996 482 haberetur
1021 452 1125 489 atrox,

472 499 649 532 Comminus
676 499 771 530 cessit
793 497 938 529 manibus
964 497 1089 530 abiecta

608 545 707 585 Regia
729 546 825 578 iussa.

467 605 594 645 Arripit
616 606 730 638 mentis
755 606 895 645 gladium
922 606 1026 638 dicato

468 654 602 686 Munere
625 654 749 693 pollens
773 653 902 685 Domini
923 653 1073 696 tonantis,

471 701 590 733 Terrea
613 703 719 732 tranat
746 700 842 732 celeri
866 700 975 732 volatu

609 748 721 780 Omnia
745 747 885 780 vincens.

435 834 442 841 .
468 806 545 842 Rite
570 810 773 848 compunctus
799 808 937 841 animum
958 811 1131 849 perarmat,

467 855 589 895 Spiritu
615 856 724 888 doctus
749 858 879 895 superat
902 855 1070 895 profanum

467 902 610 934 Iudicem
632 902 740 934 verbis
762 903 907 941 placidus
934 911 1078 934 eruorem

607 949 758 981 Fundere
782 949 929 988 gliscens.

436 1034 443 1040 .
466 1006 588 1042 Rectus
612 1010 729 1041 abhinc
751 1011 816 1042 iam
838 1009 976 1042 famulus
1000 1010 1141 1043 tonantis

467 1056 586 1087 Mentis
612 1056 732 1088 insistit
754 1057 902 1097 precibus
928 1058 1046 1098 vigore,

468 1102 566 1135 Novit
590 1106 622 1134 et
644 1106 719 1135 vota
742 1104 896 1136 Dominus
922 1106 955 1135 et
978 1105 1087 1137 reddit

608 1151 717 1182 Mente
740 1152 872 1191 potenti.

435 1235 442 1242 .
470 1207 575 1243 Celsos
601 1211 735 1243 honores
761 1214 793 1242 et
815 1220 891 1251 opes
916 1211 1044 1253 fugaces

468 1257 597 1297 Spernit
621 1257 770 1297 effulgens
795 1258 891 1290 animi
914 1259 1028 1299 nitore,

470 1304 613 1343 Votaque
639 1304 764 1338 Christo
789 1306 952 1338 celebrans
978 1308 1116 1339 retentat

610 1352 745 1384 Pectore
766 1354 882 1391 grates.

443 1435 450 1442 .
478 1408 603 1444 Caelica
626 1415 731 1444 mente
755 1413 883 1452 regione
904 1415 1025 1446 malens

470 1457 560 1489 Fieri
584 1459 685 1491 civem
710 1460 796 1491 dieat
816 1460 871 1491 hio
892 1468 927 1491 se
948 1464 1050 1492 ‘totum

472 1505 594 1536 Aethre
616 1507 749 1547 tonanti,
774 1506 890 1546 iugiter
914 1508 1051 1539 manenti

614 1552 712 1584 Omne
735 1561 794 1592 per
818 1562 938 1585 aevum.

445 1636 452 1642 .
478 1608 573 1652 Ecce,
604 1614 656 1652 qui
681 1614 781 1646 iussus
806 1614 942 1653 patriam
966 1616 1059 1655 tueri,

471 1659 570 1690 Arma
593 1660 737 1700 proiecit,
763 1660 890 1693 Domini
914 1671 948 1693 se
972 1670 1098 1695 servum

476 1705 590 1738 Gliscit
613 1708 735 1739 aeterni
758 1716 908 1741 resonans
935 1709 1042 1742 dicata

611 1754 758 1787 Carmina
782 1754 918 1788 Christo.

474 1811 601 1847 Exinde
625 1816 781 1847 exclamat
804 1817 935 1849 rabidus
960 1821 1130 1858 tyrannus:

472 1862 538 1893 Iste
561 1862 745 1905 Marcellus,
771 1872 842 1895 mea
864 1865 916 1904 qui
940 1870 1116 1907 praecepta

472 1908 600 1939 Temnit
624 1912 656 1940 et
680 1919 768 1942 arma
789 1914 884 1949 putat
907 1912 1106 1954 abneganda,

612 1956 719 1988 Morte
742 1960 881 1993 necetur.

476 2008 577 2044 Laeta
597 2012 747 2045 Marcelli
769 2012 882 2047 famuli
904 2015 992 2048 beati

474 2059 555 2090 Inde
578 2068 641 2091 vox
666 2061 770 2100 coepit
794 2070 944 2094 resonare
969 2064 1131 2097 Christum

475 2105 528 2147 Et,
554 2105 636 2138 bene
659 2107 743 2138 truci
767 2110 875 2141 veniat
896 2113 933 2141 ut
955 2111 1018 2151 ipsi

618 2154 772 2195 Praesidi‚
798 2157 912 2194 poscit.

473 2206 559 2242 Laus
584 2210 667 2241 enim
690 2220 753 2242 non
779 2214 836 2252 est,
860 2214 982 2253 geritur
1004 2224 1084 2255 quae
1108 2218 1224 2260 verbis,

473 2257 600 2296 Martyr
621 2260 749 2289 resonat
770 2261 883 2292 merito
909 2262 1040 2303 cruoris,

476 2303 584 2335 Sermo
609 2305 654 2336 nil
678 2308 793 2346 potest,
819 2308 941 2340 animus
966 2312 1122 2349 rependat

613 2353 750 2385 Munera
770 2353 886 2387 laudis.
