1650 2610
664 132 921 168 —273—

158 223 214 256 13.
240 221 365 258 Abluat
387 228 568 259 nostrorum
594 237 686 260 omne

293 272 483 304 delictorum
509 273 642 316 facinuS,

245 319 365 359 Purget
390 322 423 350 et
446 321 519 360 pius
543 323 577 354 in
601 322 703 363 nobis,

288 375 391 407 prave
414 369 499 406 quod
527 368 727 411 deliquimus,

244 413 427 445 Praemium
451 416 649 448 aeternitatis

292 461 414 493 tribuat
437 463 607 503 propitius

159 527 214 560 14.
240 523 335 559 Rura
358 525 476 559 florida
499 530 645 562 vivorum

291 574 408 606 decore
431 577 600 609 vernantia

243 621 378 661 Absque
402 623 536 654 termino
563 622 705 655 fruentes

290 678 360 700 cum
387 669 497 701 divina
521 670 626 710 gratia.

241 716 355 749 Liberi
379 716 598 756 ingrediamur

288 764 323 795 in
351 765 483 795 aeterna
506 763 620 805 patria.

846 229 900 263 15.
929 226 994 263 Uni
1016 228 1152 261 Domino
1179 229 1291 261 conexi

977 273 1151 309 Ierusalem
1176 276 1287 308 inclita

930 324 1101 362 Suseeptos
1125 323 1159 354 in
1184 332 1219 355 se
1243 325 1381 354 retentet

974 371 1009 402 in
1033 373 1213 402 sanctorum
1239 370 1374 410 agmina,

929 418 1072 458 Regnum
1096 418 1207 457 adepti
1231 417 1387 457 simulque

975 465 1055 497 caeli
1079 465 1272 497 habitacula.

847 531 901 564 16.
929 529 1071 565 Manenti
1097 532 1138 563 sit
1163 532 1232 563 laus
1256 531 1352 571 patri,

976 579 1078 612 honor
1102 581 1197 618 atque
1222 578 1332 620 gloria,

928 626 1046 658 Inclita
1068 635 1133 657 una
1157 635 1227 657 011111
1251 626 1344 668 prole

976 672 1101 705 infinita
1122 673 1235 713 gratia,

930 719 1053 759 Spiritu
1076 720 1170 751 simul
1197 729 1265 752 curn
1291 720 1373 751 almo

977 776 1036 807 per
1061 769 1190 799 aeterna
1215 767 1351 799 saecula.

225 847 302 876 LSd.
325 863 361 867 ——
385 846 410 881 1,
429 846 447 874 2
467 848 606 876 devitum.
623 863 663 867 —-
682 847 708 882 2,
723 847 741 875 2
761 848 859 877 8011011
878 850 928 877 der
946 851 1032 878 Reim
1052 851 1164 886 spncht
1181 852 1227 879 fiir
1246 853 1383 884 recurant,
1404 853 1456 879 das

150 884 212 913 also
240 886 319 913 wohl
347 886 413 914 eine
440 886 737 924 Nominativbildung
766 886 961 924 „reem-sium“
988 891 1178 916 voraussetzt.
1206 905 1243 909 —
1268 892 1295 923 ὅ,
1322 890 1339 917 3
1369 891 1457 918 arbae

144 925 205 951 iam
224 925 377 952 iniactum.
398 938 436 942 —
456 923 483 958 5,
502 922 519 950 2
539 926 682 952 vibentes.
696 940 736 944 —
755 925 780 960 6,
796 924 813 953 3
834 925 877 952 Zu
896 927 985 961 potiri
1006 935 1030 953 e.
1050 933 1110 953 aec.
1130 927 1179 953 cfr,
1195 926 1220 960 ‘.,
1235 928 1253 955 3
1273 927 1333 954 und
1351 928 1408 954 frui
1430 937 1455 955 e.

145 970 205 990 acc.
229 960 272 995 14,
294 960 321 990 3.
349 978 384 983 ——
410 959 438 996 8,
459 960 477 989 6
497 964 584 990 erevi.
610 978 648 981 —
678 961 721 995 10,
744 962 758 990 1
781 964 996 991 conserbantes.
1017 978 1054 983 -—
1078 962 1121 997 10,
1142 962 1160 991 2
1179 964 1292 1000 legalis.
1313 979 1349 983 ——
1372 963 1415 998 11,
1438 964 1453 990 5

144 1001 271 1035 ingeeta‚
285 1000 438 1029 vielleicht
451 1001 581 1027 iniecta?
595 1014 633 1018 —
649 998 691 1036 16,
706 998 724 1028 3
738 1002 824 1037 proli.
834 1016 874 1019 —
886 1001 1099 1030 Akrostiehon:
1114 998 1217 1030 Imnus
1231 999 1454 1040 primitiarum.

546 1120 608 1152 198.
641 1121 693 1159 „In
713 1122 804 1153 Festo
822 1121 1066 1154 Primitiarum.“

163 1212 191 1244 1.
218 1210 288 1242 Rex
315 1210 510 1251 angelorum,
537 1210 683 1245 Domine„

218 1258 278 1298 Qui
303 1257 456 1290 mundum
481 1258 580 1290 verbo
606 1258 759 1298 contines,

217 1305 341 1337 Adesto
365 1305 484 1337 nostris
508 1304 669 1345 precibus,

214 1352 274 1392 Qui
298 1352 458 1393 prospicis
485 1356 599 1385 cuncta
623 1352 720 1385 501115.

868 1212 901 1244 6.
928 1212 986 1251 Qui
1011 1220 1070 1253 pro
1095 1213 1232 1244 humano
1257 1219 1372 1250 genere

926 1258 1059 1291 Sacrum
1084 1257 1198 1290 fudisti
1223 1258 1415 1298 sanguinem,

925 1306 970 1338 Ut
995 1314 1051 1338 nos
1077 1315 1096 1337 a
1119 1309 1221 1337 morte
1247 1306 1396 1347 eriperes,

924 1353 1067 1385 Dextera
1091 1356 1147 1384 tua
1170 1356 1310 1393 protege.

157 1421 188 1452 2.
211 1420 345 1460 Accipe,
372 1419 457 1459 quod
481 1418 652 1458 offerimus,
866 1420 897 1452 7.
925 1419 1069 1459 Suscipe,
1095 1428 1201 1450 rerum
1226 1419 1372 1461 Domine,

216 1467 358 1499 Nostrae
381 1466 544 1506 primitiae
567 1476 691 1506 munus,
922 1466 1085 1499 Primitias
1108 1466 1213 1506 plebis
1237 1470 1321 1506 tuae,

923 1514 1006 1553 Quas
1033 1513 1091 1545 tibi
1117 1514 1210 1546 modo
1237 1513 1407 1547 obtulimus

923 1562 960 1594 In
987 1562 1105 1601 templo
1128 1561 1188 1593 hoc
1212 1561 1421 1605 sanctissimo,

217 1515 278 1554 Qui
302 1514 410 1555 Moysi
434 1522 647 1555 praeceperas

214 1563 333 1594 Rerum
362 1562 441 1595 dare
461 1562 629 1601 primitiae.

156 1631 190 1662 3.
216 1630 401 1663 Sacrisacro
426 1629 541 1660 altario
864 1631 883 1662 8
921 1628 1080 1669 Salvaque
1103 1630 1159 1660 tua
1182 1628 1295 1668 gratia,

216 1677 440 1716 Primitiasque
464 1677 604 1716 litamus,
923 1677 1022 1715 Quam
1048 1676 1106 1707 hos
1133 1676 1285 1707 hahentes
1310 1685 1453 1717 munera,

217 1726 300 1764 Quas
325 1727 370 1765 tu,
400 1723 537 1766 Christe,
563 1724 718 1763 suscipias
922 1723 1108 1755 Misericors
1135 1727 1264 1756 vocatus
1291 1732 1322 1755 er

212 1772 256 1804 Et
280 1771 444 1813 postulata
467 1771 601 1803 tribuas.
925 1771 961 1802 In
986 1779 1054 1810 nOS,
1079 1773 1173 1810 pater
1197 1771 1404 1810 omnipotens.

153 1839 185 1871 4.
213 1840 326 1878 Parce,
352 1847 533 1880 precamur,
560 1837 706 1877 frugibus
866 1842 896 1870 ἱ).
923 1838 1114 1878 Inspiraque
1140 1837 1339 1879 principibus

213 1887 408 1929 Simu1(que)
425 1886 548 1918 cunctis
562 1885 767 1926 germinibus,
924 1885 968 1918 Ut
991 1885 1045 1925 pie
1070 1888 1182 1925 regant
1210 1886 1354 1926 populos,

215 1935 284 1966 Nec
311 1934 477 1975 grandinis
502 1933 635 1965 interitu
923 1933 983 1972 Qui
1007 1936 1136 1965 sanetus
1161 1933 1201 1965 ab
1228 1933 1382 1965 altisslmo

211 1982 354 2015 Labores
379 1984 508 2014 nostros
536 1981 658 2020 diluas,
923 1981 1044 2013 Cuncta
1068 1981 1151 2021 regis
1176 1981 1209 2012 in
1234 1981 1372 2022 saeculo,

151 2053 182 2084 5.
211 2051 258 2084 Ut
285 2052 408 2089 cuncta,
435 2057 517 2089 quae
541 2048 727 2091 salvaveris,
840 2048 893 2081 10.
921 2048 969 2079 Tu
996 2047 1120 2080 clericis
1147 2048 1358 2088 concordiam,

211 2099 299 2137 Quae
323 2100 433 2130 nostro
458 2097 546 2128 victu
571 2095 743 2137 portinent;
919 2095 969 2127 Tu
993 2094 1142 2136 plebibus
1169 2095 1356 2135 custodiam,

211 2146 369 2186 Legitime
394 2143 561 2176 offeramus
921 2144 967 2176 Ut
990 2152 1025 2175 se
1049 2152 1171 2182 quoque
1196 2143 1239 2174 ad
1262 2142 1396 2174 invicem

211 2193 261 2226 De
286 2200 515 2231 munerumque
542 2191 659 2224 debito.
921 2191 1063 2223 Caritate
1087 2190 1253 2224 associent.

468 2259 522 2292 11.
545 2259 640 2292 Solve
666 2259 819 2300 captivos,
844 2258 990 2295 Domine,

540 2306 808 2347 Compeditosque
832 2306 964 2345 redime,

540 2355 677 2388 Cunctos
703 2355 865 2396 dispersos
891 2361 1048 2394 congrega

538 2402 583 2435 Et
606 2402 695 2444 pacis
720 2406 795 2435 tuae
821 2402 973 2433 condona.

191 2464 309 2492 Blame,
323 2462 460 2492 Hymodia
473 2462 566 2487 Gotica.
1246 2452 1281 2483 18
