1650 2610
682 109 941 144 —169—

584 202 638 234 117.
668 203 705 235 In
724 203 852 234 sanetae
874 201 1030 234 Eulaliae.

706 270 741 299 In
760 269 920 300 Laudibus,

193 349 199 356 .
229 325 371 360 Laudem
396 329 510 361 beatae
532 330 679 362 Eulaliae

229 375 315 406 Puro
341 384 489 408 canamus
512 380 652 420 pectore,

229 422 328 461 Quam
357 423 502 455 Christus
526 425 611 456 inter
627 426 784 463 martyres

232 468 326 501 Casto
352 471 490 503 sacravit
517 472 679 512 sanguine.

197 551 203 557 .
233 526 320 564 Quae
346 527 454 559 clausa
480 528 567 559 duris
593 528 736 567 postibus

231 573 381 614 Interque
405 573 505 606 fortes
531 575 677 607 cardines

230 620 338 652 Somni
365 621 490 661 cibique
517 622 624 654 nescia

231 666 392 700 Christum
417 669 552 700 canebat
575 668 721 709 pervigil.

172 744 179 755 e
197 749 204 755 .
234 724 346 757 Custos
371 725 530 757 tremendi
552 725 670 756 liminis

228 771 325 803 Laxis
348 772 497 811 stupebat
522 772 658 804 vinculis

229 820 265 851 In
292 819 431 850 carceris
454 820 601 858 angustia

228 865 347 897 Mentis
373 866 486 898 beatae
509 866 636 906 gaudia.

198 949 205 955 .
232 923 333 954 Iudex
358 921 466 955 furore
489 923 636 955 turbidus

231 969 339 1010 Surgit
365 969 503 1003 cruentis
528 969 672 1002 faucibus

228 1017 273 1049 Et
296 1017 442 1058 increpat
466 1018 568 1050 noctis
594 1026 711 1049 moram

230 1064 379 1096 Sanctam
405 1065 536 1096 daturus
561 1064 706 1096 hostiam.

856 332 886 363 5.
913 328 1077 370 Lentoque
1100 329 1202 368 primo
1228 328 1361 361 verbere

914 376 1031 408 Christi
1055 377 1164 416 puella
1188 376 1341 417 caeditur,

914 423 977 455 Sed
1004 431 1189 456 consecrare
1212 426 1366 463 pernegat

913 470 1065 503 Libamen
1091 472 1155 503 aris
1178 471 1319 510 impium.

879 555 886 561 .
913 527 1002 559 Tunc
1026 527 1058 559 in
1083 527 1185 559 reciso
1210 527 1319 567 stipite

911 574 1024 607 Ductis
1049 575 1079 606 in
1106 576 1203 606 altum
1228 575 1367 607 brachiis

914 621 1011 653 Latus
1036 622 1162 662 puellae
1187 621 1331 654 caeditur

910 669 1100 708 Nudumque
1123 668 1256 700 flammis
1281 670 1394 701 uritur.

878 750 885 758 .
912 724 1023 756 Victor
1047 725 1170 757 recedit
1193 725 1324 765 spiritus

914 771 1038 812 Corpus
1063 773 1243 811 relinquens
1267 773 1433 813 pallidum,

912 818 1004 857 Quod
1027 819 1098 859 lege
1121 819 1232 850 mortis
1257 820 1417 858 perditum

912 865 1059 898 Reducat
1082 866 1123 897 ad
1150 866 1247 897 vitam
1271 866 1368 901 Deus.

879 950 886 957 .
914 923 1047 955 Iamiam
1071 922 1169 962 quieti
1191 922 1320 962 psallite

913 969 1064 1010 Patrique
1090 969 1216 1001 laudem
1243 969 1350 1011 dicite,

914 1016 1137 1056 Christumque
1161 1016 1325 1048 laudemus
1351 1017 1437 1057 pium

914 1063 1075 1104 Simulque
1100 1066 1242 1096 sanctum
1268 1065 1425 1103 spiritum.

499 1123 530 1155 9.
556 1122 646 1153 Haec
670 1130 728 1153 nos
752 1121 889 1153 redemit
912 1120 1049 1160 trinitas,

558 1168 653 1202 Cuius
677 1168 826 1208 perennis
851 1167 953 1208 gloria

556 1216 593 1248 Iu
619 1216 779 1247 saeculum
802 1215 906 1247 nescit
929 1215 1009 1246 mori

556 1262 675 1295 Vivens
699 1271 757 1303 per
782 1271 874 1294 omne
898 1263 1068 1294 saeculum.

233 1328 305 1363 MT3
326 1328 407 1364 LSd3
428 1327 465 1356 X.
486 1343 523 1347 —
545 1326 569 1361 1,
583 1327 597 1356 1
618 1328 755 1356 Eolaliae
767 1327 864 1355 LSd.-

157 1367 229 1401 MT;
260 1366 379 1394 luminis
403 1367 474 1401 MT,
507 1365 544 1394 X.
576 1380 614 1386 --—
640 1364 669 1400 3,
692 1365 709 1393 2
734 1366 800 1393 Lux
827 1366 964 1401 stupebat
988 1365 1058 1394 MT,
1090 1363 1125 1391 X.
1152 1377 1188 1382 -ν
1219 1364 1250 1397 ζ),
1271 1361 1289 1391 3
1317 1366 1470 1400 congustia

157 1404 228 1438 MT,
256 1404 330 1431 LSd.
357 1418 388 1423 -—
410 1403 442 1439 5,
466 1404 479 1433 1
498 1404 650 1440 Laetoque
670 1403 713 1438 K3
734 1405 828 1439 primo
849 1404 969 1431 berbere
987 1401 1056 1430 LSd
1088 1417 1104 1421 -
1147 1399 1176 1435 6,
1197 1401 1217 1429 4
1236 1402 1378 1438 Nudaque
1398 1403 1468 1438 MT;

157 1442 332 1478 Nurlamque
352 1440 431 1476 LSd,
457 1442 494 1471 X.
513 1457 553 1461 ——
574 1443 603 1476 7,
625 1440 643 1470 3
665 1443 728 1476 Quo
753 1442 818 1469 MT.
843 1455 878 1459 —
898 1439 929 1475 8,
949 1439 969 1467 4
990 1440 1085 1468 Simu]
1110 1448 1173 1467 cum
1193 1442 1325 1468 sanctum
1344 1440 1410 1468 MT.

158 1478 184 1513 9,
205 1478 222 1508 3
243 1482 278 1508 In
298 1481 417 1508 saecula
435 1481 500 1509 MT.
520 1495 559 1499 ——
579 1479 604 1513 9,
618 1479 638 1507 4
658 1481 770 1508 Vibens
789 1479 855 1507 MT.
872 1493 909 1497 —
934 1478 988 1505 Cfr.
1003 1479 1103 1513 Migne
1125 1476 1170 1511 86,
1199 1476 1273 1506 1234
1291 1486 1319 1505 u,
1336 1476 1382 1509 511,
1402 1476 1468 1506 451.

913 1326 937 1359 1,
951 1325 972 1354 4
990 1327 1120 1354 sacrabit
1137 1326 1202 1354 MT.
1224 1342 1261 1345 —
1280 1324 1307 1360 3,
1324 1326 1338 1354 1
1364 1326 1469 1355 Gustus

613 1571 667 1603 118.
696 1571 732 1604 In
752 1570 854 1602 sancti
874 1569 1013 1610 Eulogii.

351 1645 382 1676 1.
408 1642 497 1677 Almi
521 1653 605 1677 nunc
629 1642 752 1675 revehit
777 1641 861 1674 festa
884 1640 1022 1681 polifera

415 1691 524 1723 Nostri
549 1690 677 1730 Eulogii
701 1689 851 1729 martyris
876 1688 989 1728 incliti,

413 1738 578 1770 Solvamus
603 1737 739 1769 Domino
765 1736 905 1768 carmina
929 1736 1069 1776 principi

413 1785 573 1818 Concentu
597 1784 674 1817 fidei
700 1785 816 1816 caelico
840 1791 980 1816 munere.

353 1845 384 1876 2.
410 1840 591 1876 Laudamus
617 1842 706 1874 varia
730 1842 849 1873 musico
876 1840 1024 1882 carmine,

411 1892 496 1931 Quae
520 1900 584 1923 non
608 1893 681 1921 sunt
706 1888 833 1922 Domini
858 1888 1007 1928 praedita
1030 1888 1159 1928 lumine,

410 1939 475 1971 Hic
497 1947 583 1970 nunc
605 1940 656 1969 sat
679 1937 793 1969 melius
816 1944 868 1969 res
892 1937 948 1976 pia
970 1935 1134 1976 panditur,

414 1986 489 2019 Cum
517 1986 678 2019 Christum
703 1987 854 2017 resonant
878 1984 1050 2016 chordulae
1074 1983 1235 2016 metricae.

354 2047 385 2077 3.
412 2041 557 2077 Bellator
582 2043 721 2080 Domini,
747 2042 844 2074 verbo
869 2042 1041 2081 potentior,

412 2091 569 2124 Doctrina
592 2091 725 2132 pariter,
751 2089 815 2122 fine
841 2089 1007 2131 celebrior,

414 2139 533 2172 Christi
558 2140 605 2171 sic
627 2139 725 2179 igitur
749 2137 851 2179 gloria
876 2137 1022 2179 cingitur,

413 2187 458 2220 Ut
481 2185 597 2219 florens
622 2187 730 2227 vigeat
754 2186 806 2217 hic
829 2187 861 2216 et
882 2185 915 2216 in
942 2185 1080 2217 aethere.

352 2249 383 2279 4.
410 2243 459 2279 At
486 2253 570 2277 nunc
595 2246 642 2276 est
667 2243 790 2276 animus
815 2252 929 2283 magna
954 2242 1129 2278 revolvere,

413 2293 624 2334 splendenter
651 2291 781 2325 anhelat
806 2291 948 2324 balsama
972 2288 1105 2330 fulgide,

413 2341 559 2374 Gliscens
585 2341 713 2380 egregia
737 2340 885 2380 clangere
908 2337 1019 2374 libere,

409 2390 457 2424 Ut
482 2389 584 2422 dulcis
608 2388 721 2420 reboet
742 2388 865 2419 musica
887 2385 1026 2418 fiamine.
