1650 2610
665 132 708 137 —
762 112 924 147 168—

163 215 193 247 5.
219 212 371 244 Ambiens
395 211 495 243 crucis
519 212 681 250 patronum
840 206 893 238 10.
919 204 990 237 Non
1015 204 1131 244 iniquis
1156 203 1330 236 serviamus

268 260 301 291 in
328 268 420 290 cruce
443 257 654 298 suspenditur,
967 254 1072 282 mente
1100 249 1302 289 factionibus,

221 306 340 346 Corpus
364 306 432 337 illic
453 306 493 337 ad
519 305 667 336 honorem
920 298 992 330 Non
1018 307 1091 329 caro
1115 298 1222 338 iugum
1246 296 1377 328 rebellis

266 354 320 385 nix
342 353 485 392 polorum
506 350 652 391 protegit,
965 354 1063 377 suave
1088 344 1207 376 Christi
1235 345 1359 383 renuat,

219 400 272 431 Sic
297 400 400 431 calore
423 399 518 438 plena
539 400 647 427 sancto
917 392 981 424 Sed
1007 392 1092 424 sacri
1117 391 1231 424 caloris
1259 399 1367 423 omnes

264 446 441 486 passionem
466 444 603 475 sustulit.
964 440 1132 471 sanctitate
1156 438 1309 478 fulgeant.

163 542 192 572 6.
219 540 319 571 Huius
345 547 384 570 ex
409 546 463 569 ore
488 536 633 568 columba
837 533 891 566 11.
919 532 1021 575 Solve,
1038 532 1122 572 quod
1134 531 1249 569 taedet,
1262 531 1450 572 quodurget

264 587 324 617 iam
352 584 462 616 solutis
487 582 617 614 artubus
965 581 1076 611 mortis
1101 580 1143 611 ad
1167 579 1351 619 perniciem,

217 632 348 663 Prosilit
368 632 447 662 mire
471 639 529 670 per
560 637 652 661 auras
920 627 1073 659 Pestilens
1098 627 1226 658 morbus
1259 626 1398 667 recedat,

267 687 321 710 eeu
345 679 453 709 volatu
476 677 598 717 percito
965 683 1074 706 mucro
1098 674 1199 705 hostis
1224 674 1367 713 subruat,

218 726 379 765 Virginem
406 725 519 757 vicisse
542 724 679 756 clamans
919 723 993 754 Vita
1017 722 1060 753 sit
1083 721 1257 762 tranquilla
1282 722 1414 762 cunctis,

267 772 298 803 in
321 771 465 811 supernis
490 770 628 803 sedibus.
964 768 1029 800 sint
1052 768 1159 808 quieta
1183 773 1337 807 tempora.

163 867 193 899 7.
220 864 316 903 Quam
342 867 445 896 tamen
471 864 531 896 Dei
555 865 662 904 puella
840 863 894 895 12.
922 861 1049 894 Civibus
1075 870 1215 900 occurre,
1243 862 1330 901 civis,

270 912 406 952 gestiens
430 920 637 950 praecurrere
967 911 998 940 et
1022 909 1154 940 salutem
1177 909 1316 949 porrige,

219 958 304 999 Lege
327 958 389 989 iam
414 959 524 990 mortis
545 960 676 996 peracta
918 955 997 987 Esto
1021 956 1068 986 sic
1091 958 1227 996 patrona
1252 955 1344 987 nobis

271 1005 392 1045 gaudiis
421 1006 588 1044 attollitur,
965 1003 998 1033 in
1023 1003 1126 1034 relatu
1154 1002 1286 1042 gratiae,

223 1051 336 1091 Sicque
360 1052 425 1084 risu
452 1054 631 1091 comparato
920 1048 1009 1081 Sicut
1034 1057 1067 1081 es
1093 1049 1197 1081 vicina
1223 1050 1329 1089 caelis,

268 1098 365 1130 corda
387 1098 503 1129 mulcet
524 1097 674 1130 flentium.
967 1096 1007 1128 ad
1033 1095 1173 1128 favorem
1199 1096 1329 1136 gloriae.

164 1193 194 1224 8.
221 1190 352 1230 Lucida,
378 1190 455 1223 felix
479 1200 538 1232 per
562 1191 679 1231 orbem,
840 1191 892 1223 13.
920 1190 1008 1221 Inter
1031 1189 1111 1221 haec
1135 1189 1295 1221 admixtus
1319 1190 1391 1230 ipse

265 1238 421 1270 Barcinon
447 1238 613 1278 attolleris,
969 1237 1135 1276 conquirat
1160 1239 1193 1268 et
1215 1237 1372 1277 Quiricus,

222 1286 307 1324 Quae
329 1285 398 1315 sinu
422 1285 535 1324 pignus
558 1287 697 1316 retentas
921 1283 978 1322 Qui
1002 1284 1050 1315 tui
1073 1284 1175 1315 locum
1206 1285 1345 1323 sepulcri

267 1335 329 1363 tam
356 1331 493 1370 salubre,
518 1334 582 1363 tam
606 1333 704 1372 pium,
966 1331 1083 1370 regulis
1108 1331 1290 1363 monasticis

222 1377 349 1410 Scilicet
373 1378 454 1409 tanti
479 1378 624 1409 habendo
920 1378 973 1409 Ad
997 1377 1148 1409 honorem
1175 1379 1373 1410 consecravit

270 1425 409 1463 corporis
436 1425 634 1459 consortium,
967 1425 1152 1464 sempiterni
1175 1426 1322 1459 numinis.

165 1520 196 1552 9.
223 1519 247 1550 O
272 1518 366 1550 beata
390 1525 506 1557 sponsa
532 1516 660 1557 Christi,
841 1519 895 1550 14.
921 1518 969 1550 Ut
993 1517 1054 1548 mei
1076 1520 1150 1557 post
1174 1519 1312 1551 claustra
1349 1521 1462 1558 carnis

268 1566 357 1604 virgo
381 1564 632 1605 clementissima,
967 1564 1011 1596 sis
1031 1573 1151 1596 memor
1173 1566 1209 1598 in
1233 1567 1373 1598 aetheris

223 1611 353 1651 Suscipe
376 1612 438 1642 iam
463 1611 655 1652 singulorum
920 1611 974 1651 Et,
1000 1611 1102 1643 minus
1126 1614 1209 1651 quod
1235 1613 1288 1645 hic
1311 1615 1432 1657 peregi,

271 1662 342 1690 vota
367 1659 416 1690 vel
444 1658 590 1698 suspiria,
969 1661 1003 1690 tu
1028 1659 1171 1690 valenter
1196 1661 1357 1702 suppleas,

223 1705 389 1737 Postulans
416 1705 572 1738 Christum
597 1707 738 1746 precatu,
922 1705 1013 1737 Haec
1039 1706 1098 1737 tibi
1123 1708 1249 1745 perlata
1273 1712 1348 1741 vota

270 1762 329 1792 quo
354 1754 512 1792 gementes
537 1753 654 1786 audiat.
971 1753 1020 1784 vel
1047 1762 1176 1785 camena
1206 1763 1406 1790 consecrans,

228 1835 300 1869 MT;
321 1835 387 1869 M&
409 1837 446 1864 X.
465 1854 468 1855 ν
524 1835 548 1870 1,
571 1835 585 1863 1
605 1837 654 1865 hic
672 1837 747 1865 fehlt
766 1838 832 1865 MT.
853 1853 890 1858 —
911 1836 935 1870 1,
956 1835 974 1865 3
996 1837 1087 1870 Quem
1107 1838 1172 1870 MT,
1192 1838 1257 1873 MC,
1278 1841 1314 1868 X.
1336 1856 1374 1861 —-
1398 1841 1411 1870 1
1438 1841 1455 1870 5

153 1874 241 1901 Hunc
259 1873 323 1900 Mc.
344 1887 379 1891 —-
398 1872 424 1908 2,
444 1872 464 1900 4
483 1876 571 1910 stirpe
593 1878 677 1902 aucta
697 1876 806 1912 insigni
826 1876 862 1903 X.
885 1889 919 1893 —
940 1873 966 1908 3,
989 1873 1004 1903 1
1024 1878 1152 1903 vestram
1170 1877 1208 1904 X.
1225 1892 1262 1896 —
1276 1876 1302 1912 3,
1324 1876 1342 1906 3
1364 1863 1457 1914 Quem

156 1910 212 1955 sfide
229 1910 298 1944 MO3
321 1912 431 1938 terrent
447 1911 513 1938 MT.
533 1926 571 1930 ——
589 1911 616 1945 4,
633 1911 648 1939 1
663 1920 705 1947 sq.
727 1915 803 1940 enim
818 1915 952 1941 excecato
966 1914 1137 1941 missistitur
1149 1915 1186 1942 X.
1201 1930 1237 1934 ——
1252 1915 1278 1950 ὃ,
1292 1915 1310 1944 3
1324 1917 1460 1946 Prosiliit

154 1950 228 1975 mire
252 1948 289 1975 X.
309 1962 347 1967 -—
372 1947 401 1981 6,
421 1947 441 1975 4
466 1957 517 1976 seu
540 1949 604 1976 ΜΤ.
632 1964 665 1968 -
693 1949 724 1983 ’7,
747 1949 762 1977 1
791 1951 881 1984 Quem
906 1951 943 1978 X.
964 1966 1001 1970 -
1028 1950 1057 1983 7,
1079 1950 1096 1978 5
1124 1956 1276 1988 corporato
1300 1954 1365 1988 MT,
1385 1957 1456 1985 MC-

155 1993 276 2021 eorpora
294 1986 330 2012 X.
352 2000 389 2004 ——
409 1985 434 2019 7,
456 1984 472 2012 6
493 1986 636 2021 cordaque
654 1988 691 2015 X.
712 2002 748 2006 --
768 1985 799 2020 S,
818 1986 836 2015 3
855 1990 1002 2016 retentans
1022 1988 1086 2022 MT,
1106 1989 1171 2017 MC.
1190 2005 1230 2010 ——
1253 1990 1303 2025 10,
1327 1991 1341 2020 1
1362 1977 1458 2030 iniqui

154 2023 218 2050 MC.
237 2037 275 2040 —
295 2021 339 2055 10,
359 2021 378 2049 4
398 2022 544 2051 Christum
563 2024 628 2051 MT.
648 2038 687 2044 ——
705 2023 750 2056 10,
771 2023 789 2051 5
809 2034 891 2054 sacro
910 2026 983 2061 ΜΤ;
1006 2035 1089 2053 omne
1109 2027 1175 2055 MC.
1192 2042 1229 2047 -—
1243 2028 1288 2060 10,
1310 2029 1327 2058 6
1347 2031 1461 2067 fulgeat

154 2061 219 2093 ΜΤ,
238 2059 302 2087 ΜΟ.
322 2074 361 2079 -
380 2058 423 2094 11,
444 2058 459 2087 1
480 2063 585 2097 arguet
602 2062 639 2089 X.
652 2076 691 2081 ν-
708 2061 751 2094 12,
774 2061 789 2089 1
811 2064 931 2091 obem-re
948 2064 1061 2091 civibus
1081 2066 1123 2099 X3
1145 2067 1223 2094 cives
1244 2067 1310 2095 ΜΤ.
1323 2082 1361 2087 —
1383 2068 1418 2097 13
1441 2068 1459 2097 2

156 2099 341 2132 conquirerat
358 2098 394 2125 X.
415 2112 454 2117 —-
473 2096 517 2132 14,
540 2098 553 2126 1
575 2102 641 2134 post
658 2101 778 2128 vincula
796 2100 833 2127 X.
850 2116 858 2119 μ
876 2116 883 2120 -
900 2100 943 2134 14,
964 2100 982 2128 2
1005 2102 1122 2130 aethere
1141 2100 1173 2129 X
1190 2105 1278 2133 (wohl
1295 2090 1459 2135 Korrekt‘ur

157 2136 206 2163 des
231 2135 490 2171 ungewbhnlichen
518 2136 573 2164 abl.
601 2136 694 2172 plur.).
719 2152 759 2156 —
777 2138 955 2174 Doxologie:
982 2139 1111 2168 Gloriam
1139 2144 1216 2176 patri
1237 2143 1369 2171 melodis.
1389 2145 1457 2173 Mo·

156 2174 287 2200 Praestet
306 2174 385 2200 haee.
404 2174 476 2207 ΜΤ;
497 2174 599 2202 Gloria
617 2176 694 2210 patri
713 2178 840 2211 natoque
860 2180 913 2204 etc.
934 2175 970 2204 X.
1450 2167 1457 2181 '

177 2250 184 2255 Ι
232 2210 288 2238 cfr.
307 2211 407 2246 Migne
432 2208 477 2244 86,
506 2209 577 2239 1099
604 2221 666 2249 sqq.
692 2213 751 2240 und
778 2210 829 2247 31,
850 2212 906 2242 449
925 2214 1040 2244 (Bivart‘
1062 2216 1276 2254 Bearbeitung).
1297 2234 1336 2239 -—-
1357 2219 1462 2255 Spiiter

156 2248 567 2315 ffirgdeffiissssssiffffluieffi
589 2251 757 2322 ffgffisi‘hes
768 2251 906 2317 ἶῗέἰῖἔθ
924 2252 981 2319 ἱῖἱῗ
993 2253 1170 2326 ἐέωἰςθῗω
1186 2256 1360 2322 ·⁰1}'‘³⁰Affl‘1⁰
1362 2259 1463 2326 ”21¹ssss

650 2308 656 2314 .
700 2303 736 2306 -
884 2304 920 2309 —
1044 2301 1115 2320 renu
1135 2302 1141 2325 ;
1168 2301 1213 2320 sie
1234 2302 1250 2320 e
1303 2303 1360 2322 na.
1454 2318 1461 2331 ,

159 2322 212 2365 117
232 2332 274 2364 sq.
297 2338 332 2343 -
352 2324 530 2353 Besonderes
550 2326 695 2354 Interesse
714 2327 911 2362 beanspmcht
930 2328 986 2356 Str.
1010 2326 1052 2360 13,
1073 2331 1166 2358 worin
1186 2331 1250 2358 sich
1271 2332 1321 2360 der
1340 2333 1463 2364 Dichter

158 2358 296 2395 QUIrlcus
316 2363 371 2389 mit
387 2363 501 2391 Namen
519 2366 618 2392 neunt.
