1650 2610
718 100 972 135 ——163—

219 193 249 225 7.
276 192 339 225 Illa
363 193 504 226 tribunal
528 195 642 227 iudicis
886 198 942 231 12.
967 197 1092 229 Divinis
1117 206 1190 229 mox
1216 199 1354 230 oraculis

284 242 409 274 Furore
433 246 555 274 armata
582 243 743 275 daemonis
968 245 1073 278 Corda
1097 245 1296 285 perlustrant
1326 245 1467 285 virginis,

286 287 398 320 Verbis
423 290 570 330 malignis
596 291 722 330 adpetit
968 291 1015 324 Ob
1041 293 1102 324 hoc
1126 293 1313 331 Pompeium
1345 293 1462 332 dispuit

286 334 411 367 Castam
436 344 620 377 expugnans
641 336 787 370 animam.
965 339 1009 371 Et
1035 339 1196 372 Christum
1214 339 1317 372 Deum
1348 341 1495 373 credidit.

227 411 258 444 8.
284 412 349 444 Sed
375 414 422 443 est
448 416 588 445 cremata
609 413 797 456 obscenitas,
886 415 940 448 13.
967 415 1029 447 Pro
1052 424 1112 456 quo
1138 423 1211 446 ense
1236 416 1414 455 percutitur

288 458 406 490 Sancta
429 460 584 498 probatur
609 461 764 504 castistas,
968 462 1013 494 Et
1038 462 1162 494 Christo
1196 471 1313 501 sponso
1337 463 1496 504 iungitur3

288 505 475 538 Praefectus
503 508 574 539 dum
600 508 774 549 Eugeniam
971 509 1066 542 Proto
1091 512 1123 541 et
1147 509 1292 542 lacintho
1318 510 1433 542 iterum

283 554 411 585 Prolem
434 555 557 594 recepit
580 556 754 594 propriam.
969 556 1155 588 Flectuntur
1181 557 1263 589 colla
1290 557 1407 598 gladio.

225 629 255 660 9.
283 630 337 661 1111
363 631 567 661 contemnunt
589 630 687 670 idola,
888 632 942 664 14.
967 633 1093 664 Taetris
1116 635 1188 671 post
1213 632 1292 665 hacc
1316 633 1459 673 Eugenia

289 676 463 708 Rcseratur
488 677 632 716 ecclesia,
967 679 1023 710 Bis
1051 680 1140 711 denis
1166 682 1254 712 trusa
1278 679 1376 723 feriis,

288 723 384 755 Pater
408 723 441 754 in
464 724 643 755 sacerdotio
967 725 1084 757 Nescia
1108 729 1264 767 potusque
1289 727 1351 758 cibi

286 770 415 811 Martyr
441 770 563 803 dicatus
590 773 638 802 cst
660 771 797 804 Christo,
968 772 1122 805 Mucrone
1145 774 1296 813 plectitur
1322 775 1409 808 civis,

201 845 256 878 10.
283 847 424 886 Moxque
449 847 488 878 ab
513 846 712 878 Alexandria
888 848 940 880 15.
968 847 1073 880 Caelis
1098 849 1223 879 locatur
1247 850 1378 889 spiritus

284 894 417 926 Romam
442 894 576 926 revertit
601 893 744 934 Claudia,
968 894 1153 927 Sanctorum
1180 903 1248 927 cum
1273 896 1469 940 agminibu53

285 941 364 974 Cum
388 940 479 980 prole
503 941 561 972 sed
585 940 729 980 Eugenia
965 940 1033 972 Nos
1058 942 1169 974 annuis
1193 943 1375 974 recursibus

283 987 402 1020 Christi
426 991 566 1020 sectatur
591 987 683 1023 atria.
963 987 1124 1027 Hymnum
1148 989 1216 1020 Deo
1241 990 1459 1029 persolvimus.

201 1062 252 1095 11.
280 1064 371 1095 Tunc
396 1063 585 1103 caelebsque
608 1063 753 1104 Eugenia
884 1064 936 1096 16.
964 1063 1087 1095 Horum
1112 1073 1178 1102 nos,
1205 1063 1302 1104 Deus,
1328 1065 1450 1097 meritis

277 1112 420 1150 Protum,
446 1110 634 1150 Iacinthum,
661 1111 761 1142 socios
963 1110 1097 1143 Ablatos
1123 1120 1206 1142 nunc
1230 1121 1249 1143 a
1274 1112 1361 1143 vitiis

281 1158 408 1189 Virtute
435 1156 552 1189 Christi
576 1156 723 1197 refertos,
963 1158 1094 1189 Sursum
1119 1158 1219 1190 reduc
1243 1168 1262 1190 a
1287 1159 1433 1192 sordibus

279 1205 420 1237 Basillae
445 1204 537 1237 offert
560 1203 703 1236 famulos.
962 1203 1152 1237 Reformans
1177 1206 1276 1237 sacris
1301 1206 1440 1241 sedibus.

499 1280 552 1312 17.
581 1280 723 1319 Praesta,
751 1282 845 1318 pater
871 1284 903 1310 tu
928 1280 1048 1322 inclite,

582 1327 704 1359 Cuncta
729 1327 782 1366 qui
806 1327 889 1366 regis
915 1335 983 1357 cum
1009 1328 1113 1366 prole,

580 1373 742 1405 Paraclito
769 1382 837 1404 cum
862 1374 978 1413 spiritu

581 1420 679 1453 Simul
706 1429 764 1460 per
789 1429 881 1452 omne
905 1421 1074 1453 saeculum.

253 1525 323 1559 MT3
344 1524 425 1558 LSa;
447 1524 483 1552 X.
506 1538 542 1543 —-
564 1523 588 1557 1,
606 1522 619 1550 1
643 1524 763 1552 Honore
781 1524 847 1552 ΜΤ.
867 1538 904 1543 —
927 1522 951 1557 1,
975 1530 993 1551 ὗ
1016 1525 1132 1551 Christo
1153 1523 1190 1550 X.
1210 1538 1248 1543 ——
1268 1522 1295 1558 3,
1316 1530 1333 1551 -5
1361 1524 1487 1553 Marium

179 1563 254 1590 calle
279 1564 425 1599 arripiens
454 1563 490 1590 X.
569 1560 595 1595 3,
616 1560 636 1588 4
654 1563 726 1589 Vita
753 1562 863 1589 caelum
892 1563 1024 1598 sequitur
1052 1563 1088 1589 X.
1108 1577 1146 1581 —
1166 1559 1193 1594 4,
1214 1561 1232 1589 2
1254 1562 1487 1599 Coenibiumque

177 1601 214 1628 X.
243 1615 280 1620 —-
305 1599 333 1635 4,
353 1599 374 1628 4
398 1600 513 1629 celebat
536 1600 572 1627 X.
601 1614 637 1618 —-
657 1598 683 1634 5,
706 1598 721 1627 1
743 1600 790 1627 En
811 1599 869 1627 dux
888 1600 931 1634 Χ,
953 1600 1047 1627 morbi
1067 1600 1200 1627 libidinis
1220 1601 1286 1635 ΜΤ,
1306 1601 1342 1628 Χ.
1367 1615 1398 1619 -
1421 1600 1446 1635 5,
1468 1600 1486 1628 2

177 1639 342 1666 Melanciac
369 1639 406 1666 X.
428 1654 462 1658 --
484 1637 510 1672 5,
531 1640 549 1667 ὅ
569 1638 725 1665 Pulchram
746 1638 890 1673 vultuque
909 1639 951 1671 X,
984 1637 1094 1666 vultum
1115 1646 1200 1673 quem
1219 1639 1291 1672 MTj
1317 1639 1490 1675 vultumque

177 1678 251 1705 LSa.
275 1693 312 1697 —-
333 1676 358 1711 6,
383 1675 397 1703 1
418 1676 509 1709 Quem
532 1677 572 1710 X3
593 1676 749 1711 pervidens
769 1676 805 1703 X.
826 1689 864 1694 -—
885 1675 911 1708 6,
932 1674 950 1702 ‘2
976 1675 1044 1703 Suis
1064 1676 1129 1708 ΜΤ,
1152 1676 1187 1702 X.
1208 1690 1246 1695 —-
1267 1674 1292 1709 6,
1313 1674 1331 1704 3
1353 1678 1487 1711 aspidum

176 1715 241 1747 MT,
268 1715 304 1742 X.
397 1712 422 1748 6,
443 1712 463 1742 4
488 1714 606 1749 repellit
631 1715 760 1741 carmine
785 1713 859 1741 LSa.
888 1729 925 1733 —-
952 1712 979 1746 ’7,
1000 1710 1018 1739 2
1044 1714 1137 1741 Furor
1162 1713 1228 1748 MT,
1256 1714 1332 1741 LSa.
1386 1730 1389 1733 -
1422 1715 1448 1741 7.
1469 1714 1489 1743 4

177 1753 296 1780 Castum
319 1753 401 1786 Lsa3
423 1760 587 1787 expurgans
603 1752 730 1778 animam
742 1750 816 1784 LSa,
837 1752 873 1779 X.
889 1766 926 1769 —
939 1750 965 1785 8,
985 1748 999 1777 1
1014 1751 1171 1779 cremanda
1184 1750 1263 1784 LSa;
1288 1749 1346 1780 Sed
1359 1756 1490 1780 cremata

177 1790 301 1818 caelitus
321 1790 358 1817 X.
381 1804 415 1809 -—
437 1787 463 1823 8,
485 1788 503 1816 2
524 1791 660 1817 Sanctam
682 1789 756 1816 LSa.
779 1803 817 1807 —
836 1789 863 1823 ὅ,
884 1786 902 1817 3
923 1797 965 1824 sq.
989 1789 1090 1817 lauten
1110 1791 1143 1816 in
1161 1788 1232 1817 LSa
1251 1790 1311 1817 und
1331 1791 1372 1818 X:

575 1846 658 1879 Quae
677 1846 750 1873 flans
769 1854 822 1882 pro
844 1845 957 1873 Christo
977 1847 1105 1874 animam

575 1884 738 1912 Caelestem
759 1884 849 1911 sumit.
867 1884 1001 1920 gloriam.

173 1942 256 1970 Nach
277 1943 328 1970 der
347 1942 466 1969 hiermit
479 1942 618 1978 plfitlech
635 1941 876 1978 abgebrochencn
890 1939 1027 1977 Legendc
1039 1942 1115 1979 folgt
1127 1943 1159 1969 in
1175 1942 1203 1969 X
1216 1942 1314 1979 gleich
1328 1943 1375 1970 die
1390 1944 1487 1972 Doxo-

173 1981 267 2017 logie:
288 1981 351 2008 Deo
373 1980 450 2015 patri
471 1982 511 2008 sit
529 1981 626 2016 gloria
646 1983 698 2008 etc.
721 1994 757 1998 —
777 1980 838 2007 Der
856 1980 1014 2007 Abschluss
1033 1981 1127 2008 lautet
1145 1982 1178 2007 in
1197 1980 1278 2008 LSa:

231 2039 289 2066 Per
308 2038 397 2066 huius
417 2046 496 2066 nunc
516 2041 545 2066 et
564 2038 708 2074 precibus,
916 2038 959 2066 Ut
977 2038 1128 2066 evadendo
1148 2039 1239 2066 noxia

230 2076 345 2104 Christe
366 2076 539 2113 redemptor,
560 2077 717 2112 poscimus,
914 2076 955 2103 Et
974 2076 1172 2112 conquirendo
1193 2076 1346 2104 commoda

229 2115 329 2143 Pellas
350 2123 369 2142 a
387 2114 474 2142 nobis
494 2116 615 2142 noxium
912 2115 991 2147 Tibi,
1013 2116 1063 2150 qui
1083 2116 1161 2151 regis
1182 2116 1289 2147 omnia,

228 2153 341 2189 Anguis
362 2153 573 2189 nequissimum
594 2154 684 2180 virus.
919 2152 1031 2181 Laudis
1051 2161 1219 2188 promamus
1239 2153 1373 2189 gloriam.

171 2209 196 2244 9,
221 2208 235 2237 1
256 2211 341 2238 Illico
363 2213 499 2238 temnunt
517 2211 581 2238 ΜΤ.
602 2223 639 2229 --
661 2209 705 2244 10,
726 2208 744 2237 2
764 2210 859 2238 Roma
877 2211 943 2238 ΜΤ.
958 2226 988 2230 -
1011 2209 1054 2244 10,
1069 2209 1089 2238 4
1108 2212 1257 2238 sectantur
1276 2210 1342 2237 MT.
1356 2225 1394 2228 —
1411 2208 1454 2244 11,
1469 2208 1487 2237 2

169 2249 333 2277 Iacinetum
357 2249 423 2276 MT.
443 2264 483 2269 ἡ
504 2246 548 2282 13,
570 2246 587 2276 3
607 2248 738 2277 Iacincto
752 2249 818 2276 ΜΤ.
835 2264 874 2269 -
895 2246 939 2281 13,
960 2247 979 2276 4
998 2249 1171 2277 Flectuntur
1192 2248 1267 2275 collo
1287 2248 1352 2274 ΜΤ.
1375 2263 1412 2268 -—
1427 2249 1484 2276 Cfr.

171 2287 272 2324 Migne
292 2285 337 2321 86,
354 2285 436 2315 1285.
471 2286 637 2315 Auffallentl
658 2288 705 2321 ist,
726 2286 789 2314 dass
810 2289 864 2315 mit
876 2287 1001 2323 Strophe
1015 2284 1042 2321 8,
1063 2295 1120 2314 von
1141 2294 1185 2313 wo
1208 2295 1246 2314 an
1260 2286 1306 2313 die
1320 2285 1389 2313 Hss.
1405 2286 1485 2314 diffe-

171 2327 274 2359 rieren,
295 2326 346 2354 der
359 2326 442 2354 Reim
459 2327 529 2354 weit
542 2326 655 2354 reinere
668 2326 791 2353 Formen
813 2327 968 2360 annimmt3
989 2325 1238 2361 moglicherweise
1254 2324 1316 2351 also
1331 2324 1397 2351 sind
1412 2325 1486 2353 auch

172 2365 204 2391 in
223 2364 280 2392 ΜΤ
300 2364 348 2392 die
368 2363 627 2401 Schlussstrophen
646 2365 782 2400 spateren
802 2362 934 2392 Datums.

1253 2407 1312 2438 11*
