1650 2610
673 104 931 139 -143-

158 198 192 230 3.
218 195 305 235 Quae
328 199 481 238 paternas
505 199 616 231 ridens
637 200 740 232 minas
842 203 874 234 6.
895 201 994 234 Nulla
1016 202 1105 234 illam
1129 203 1177 234 vis
1198 202 1338 242 arcebat,

263 243 364 285 flagra
389 255 512 286 quoque
537 248 669 288 respuit,
948 249 1036 282 nulla
1060 258 1144 280 mors
1169 249 1353 289 perterruit,

217 291 288 324 Nec
311 292 482 326 intendens
506 295 615 335 pravis
638 294 745 327 verbis
901 296 966 329 Sed
990 296 1089 329 alacri
1115 296 1212 328 corde
1237 299 1351 329 cuncta

266 349 374 372 aurem
401 341 507 373 cordis
532 342 668 383 adpulit,
948 342 1113 383 perferens
1135 344 1309 376 certamina

220 386 284 420 Sed
311 397 424 421 sereno
449 389 554 421 nitens
579 390 668 421 vultu
902 391 1064 424 Irridebat
1089 391 1272 431 cruciatum,

269 445 368 476 aegra
390 445 536 477 quaeque
559 437 702 476 pertulit.
948 439 1079 478 perdita
1101 439 1241 473 vesania.

161 494 193 525 4.
219 489 297 532 Ipso
320 493 449 525 nomine
472 493 566 526 beata
846 496 877 528 7.
903 496 1035 528 Duobus
1057 496 1165 536 itaque
1190 496 1282 527 victis

270 549 306 571 se
329 540 521 572 Christinam
549 541 662 573 didicit
950 541 1095 582 profanis
1121 543 1291 583 iudicibus,

221 587 393 627 Appellari
416 588 507 628 virgo
532 588 587 628 pia
903 590 1002 621 Varia.
1023 592 1181 623 tormenta
1203 592 1335 630 portans

268 640 301 665 et
325 643 344 665 a
369 634 490 668 Christi
514 635 641 667 nomine
952 636 1075 669 Iuliano
1101 638 1238 676 pessimo

220 680 408 714 Derivatum
433 682 577 721 pandens
603 691 693 713 suum
902 684 1063 716 Innitente
1088 686 1217 717 tandem
1241 683 1312 717 finit

268 736 338 760 esse
363 727 411 760 sic
434 729 634 761 vocabulum.
949 731 1012 763 ista
1039 732 1134 763 vitam
1158 732 1273 765 iaculo.

161 785 192 818 5.
217 785 317 817 Patre
340 793 476 824 nequam
500 783 689 825 perfurente
846 788 877 821 8.
903 787 1023 826 Tuque,
1050 788 1135 819 alma
1154 787 1215 820 Dei
1240 788 1339 828 virgo,

268 832 327 863 illa
352 832 437 864 celso
461 832 577 872 gaudio
953 835 1042 866 cuius
1066 835 1129 866 ista
1154 835 1305 875 canimus,

217 879 412 912 Exsultabat
437 882 470 911 et
492 889 660 912 aerumnas
902 881 981 913 Iuva
1007 883 1135 913 cunctos
1161 881 1387 922 supplicantes,

269 926 398 959 caelesti
424 927 530 959 edulio
949 930 1022 968 tege
1046 931 1116 961 tuos
1142 928 1287 971 famulos,

220 974 413 1014 Depellebat
439 982 477 1006 ac
501 976 648 1015 supernis
901 975 1016 1008 Funde
1040 984 1152 1015 preces
1177 985 1236 1016 pro
1263 976 1388 1007 delictis

267 1021 473 1054 incumbebat
496 1022 657 1063 praemiis
951 1021 1076 1055 Christo
1101 1024 1171 1064 regi
1191 1022 1338 1055 Domino.

243 1077 295 1103 Te.
309 1091 347 1096 —
362 1076 387 1111 1,
402 1075 419 1104 6
439 1078 605 1113 praeconio.
623 1093 657 1098 —
670 1076 698 1112 2,
712 1075 730 1104 2
750 1077 895 1105 infantala
913 1078 1102 1114 temporibus.
1116 1094 1140 1098 —
1166 1076 1194 1111 2,
1209 1077 1226 1106 5
1246 1086 1300 1105 nee
1311 1078 1386 1106 leeth
1428 1092 1457 1096 -—

148 1112 174 1148 2,
196 1113 213 1142 6
232 1114 347 1152 Wegen
367 1116 417 1142 des
433 1116 551 1144 Reimes
571 1116 650 1143 ware
667 1116 806 1152 pudicum
826 1125 863 1143 zu
885 1118 1040 1151 erwarten3
1062 1117 1132 1144 aber
1154 1117 1204 1144 der
1216 1117 1302 1143 Reim
1321 1118 1362 1143 12ss
1380 1116 1456 1144 auch

148 1150 175 1185 4,
196 1151 228 1187 6;
252 1150 277 1185 5,
299 1151 332 1188 ὅ,
354 1152 381 1187 6,
402 1151 420 1179 2
442 1153 526 1181 nicht
543 1153 692 1188 beachtet3
714 1154 765 1181 der
778 1153 852 1182 Sinn
870 1154 911 1180 ist
930 1155 961 1181 in
979 1153 1088 1182 beiden
1103 1154 1208 1182 Pallen
1227 1155 1286 1181 fast
1303 1154 1407 1190 gleich.
1419 1168 1458 1170 *e

148 1187 175 1223 3,
201 1189 216 1217 1
243 1192 375 1226 paterna.
402 1206 440 1211 —
466 1189 493 1223 4,
516 1190 533 1218 2
562 1191 724 1225 Christ-ina3
751 1191 903 1220 vielleicht
929 1191 999 1219 aber
1026 1200 1086 1219 war
1105 1192 1187 1220 diese
1207 1191 1357 1219 anm-male
1376 1192 1456 1219 Kon-

148 1229 297 1256 struktion
317 1228 430 1257 damais
450 1229 585 1266 gel'aufig.
607 1245 643 1250 ——
663 1228 689 1263 5,
711 1228 727 1256 1
747 1230 836 1257 Pater
855 1238 1014 1266 nunquam.
1050 1246 1072 1249 -
1094 1228 1120 1263 5,
1141 1228 1156 1258 ἱ
1181 1238 1326 1257 aerumna.
1341 1243 1377 1247 —
1396 1227 1423 1262 5,
1437 1228 1457 1257 4

148 1266 293 1294 caelestis.
315 1280 353 1285 -—
373 1265 400 1300 5,
421 1265 439 1293 5
458 1267 615 1303 Depellere
633 1267 697 1295 hac.
719 1282 753 1286 -
776 1265 802 1301 6,
820 1266 834 1294 1
854 1268 946 1295 Nulla
964 1268 1019 1295 illa
1040 1269 1195 1296 irascebar.
1218 1282 1256 1287 —‹
1279 1265 1305 1299 6,
1322 1265 1342 1295 4
1361 1267 1456 1303 profe-

147 1312 225 1332 rens.
245 1319 284 1323 —
302 1303 329 1337 7,
352 1303 368 1332 1
387 1305 505 1332 vinetis.
526 1322 534 1325 -
558 1321 564 1324 -
583 1305 610 1339 7,
631 1303 648 1332 5
668 1307 750 1333 tante
768 1305 845 1333 finis.
864 1319 904 1323 —
923 1303 950 1339 ἶ,
973 1304 988 1332 1
1007 1306 1118 1341 Teque.
1138 1320 1175 1324 —
1195 1303 1222 1338 8,
1283 1306 1404 1332 eunetis.
1418 1319 1457 1323 —

148 1339 175 1377 8,
196 1340 216 1369 4
244 1344 331 1375 teque
363 1346 438 1370 tuos.
469 1357 507 1363 ·—-
533 1344 639 1372 Dieser
665 1343 724 1371 und
751 1343 801 1371 der
826 1343 1065 1380 vorhergehende
1090 1344 1225 1378 Hymnus
1252 1343 1391 1370 schnnen
1420 1352 1457 1370 zu

150 1380 291 1408 einander
307 1382 340 1408 in
360 1381 527 1408 ahnliehem
538 1381 709 1408 Verh‘ziltnis
722 1390 759 1408 zu
773 1381 884 1414 stehen,
903 1383 961 1409 wie
973 1381 1022 1409 die
1036 1379 1055 1407 2
1069 1382 1207 1415 Hymnen
1230 1380 1366 1417 ,mange
1385 1381 1459 1416 lyra,

146 1415 337 1446 Zachariam“
358 1418 412 1446 auf
429 1418 497 1446 Joh.
516 1419 661 1454 Baptista.

558 1500 614 1532 101.
645 1500 680 1532 In
701 1500 803 1532 sancti
827 1500 1047 1541 Christophcri.

186 1561 217 1594 1.
247 1562 272 1594 Ο
297 1561 392 1594 beate
414 1562 525 1595 mundi
550 1565 661 1595 auctor
869 1563 901 1596 4.
927 1562 1109 1602 Deciusque
1132 1562 1307 1602 imperator

293 1612 390 1649 atque
413 1619 521 1642 rerum
545 1610 702 1650 conditor,
974 1611 1103 1650 captum
1128 1619 1148 1641 a
1171 1609 1339 1642 comitibus

246 1657 307 1696 Qui
331 1666 394 1689 non
420 1666 453 1688 es
478 1660 629 1698 acceptor
653 1657 753 1689 omnis
928 1657 1023 1690 Necti
1048 1658 1113 1688 suis
1139 1657 1223 1688 hunc
1247 1657 1375 1689 beatum

291 1712 448 1744 personae
471 1713 531 1737 nec
554 1712 729 1744 munerum,
975 1704 1088 1736 nititur
1112 1704 1276 1742 militibus,

247 1750 321 1795 Sed,
348 1752 380 1783 in
405 1751 455 1783 his
480 1752 534 1791 qui
550 1755 583 1783 te
598 1752 773 1792 requirunt,
927 1753 1025 1792 Quem
1050 1751 1174 1783 virilem
1199 1760 1330 1791 prorsus
1356 1760 1426 1784 esse

294 1798 371 1831 ades
398 1799 671 1832 clementissimus
975 1798 1059 1831 bello
1086 1799 1332 1839 adprobaverat.

186 1857 220 1888 2.
246 1855 306 1894 Qui
328 1855 456 1888 beatum
483 1857 563 1888 caeli
589 1856 698 1897 civem,
871 1857 903 1890 5.
926 1855 1066 1897 Elegans
1090 1856 1145 1888 hic
1173 1859 1319 1899 statura,

293 1903 557 1944 Christophorum
581 1906 765 1945 martyrem,
974 1906 1079 1936 mente
1104 1904 1288 1947 elegantior,

241 1950 396 1984 Eximens
421 1961 441 1983 a
466 1952 651 1984 caenulento
927 1952 1006 1985 Visu
1031 1950 1166 1993 fulgens,
1194 1951 1291 1984 corde
1314 1951 1445 1984 vibrans

291 1999 367 2031 limo
391 2000 485 2040 pravi
510 2000 660 2039 germinis
975 2003 1009 2031 et
1033 1999 1158 2040 capillis
1183 2000 1328 2040 rutilans,

244 2045 391 2079 Glorioso
416 2049 469 2079 tuo
494 2050 573 2080 nutu
927 2048 990 2080 Ore
1004 2047 1175 2089 Christum,
1190 2048 1288 2080 corde
1297 2047 1457 2081 Christum

291 2094 503 2135 praesciendo
532 2095 677 2135 attrahis,
976 2095 1223 2136 Christophorus
1247 2096 1383 2127 insonat.

183 2154 215 2186 3.
242 2152 360 2194 Spreta
383 2152 434 2184 sui
457 2153 507 2184 vir
532 2153 663 2185 devotus
869 2153 902 2187 6.
926 2153 993 2185 Iste
1017 2161 1133 2193 nempe
1156 2153 1283 2192 linguae
1308 2154 1436 2184 nostrae

291 2200 416 2241 generis
441 2199 563 2240 flagitia
973 2200 1117 2233 nesciens
1135 2199 1268 2240 eloquia,

244 2249 400 2281 Veritatis
425 2251 613 2289 sequeretur
928 2247 1048 2282 Christi
1072 2249 1106 2279 in
1130 2248 1251 2279 virtute
1276 2246 1347 2278 dari

287 2296 468 2338 promptior
492 2296 630 2336 vestigia
974 2296 1037 2328 sibi
1060 2298 1186 2335 patrem
1210 2294 1401 2335 imprecans,

242 2344 293 2378 Ac
317 2345 455 2386 proinde
479 2347 575 2382 tuam,
604 2344 739 2385 Christe,
926 2343 1006 2377 Ilico
1031 2343 1100 2376 Deo
1125 2341 1254 2374 favente

289 2393 449 2435 potiretur
473 2393 620 2436 gratiam.
973 2390 1163 2433 loquebatur
1187 2390 1303 2425 omnia.
