1650 2610
680 128 940 165 -2‘75—

385 226 417 257 8.
443 225 546 257 Huius
572 226 719 257 catervae
744 226 914 259 multitudo
934 226 1044 266 populi

443 270 689 304 Sanotifioentur
711 281 731 305 a
754 274 900 314 supernis
925 274 1065 312 sedibus,

443 318 487 350 Ut
512 327 571 357 per
594 319 764 352 multorum
788 324 968 361 temporum
993 322 1152 353 curricula

442 365 570 397 Possint
596 367 726 405 explere
748 370 859 400 sancta
883 367 1040 401 sacrificia

441 413 543 444 Huius
571 414 635 445 (liei
658 414 822 453 primitiva
846 415 958 455 gratia.

386 489 416 521 9.
445 487 495 520 Sit
517 488 652 521 trinitati
678 489 872 528 sempiterna
897 491 1003 531 gloria

442 536 616 575 Honorque
640 545 778 568 summus
804 539 837 569 et
859 541 1000 577 potestas
1024 537 1143 577 inclita,

446 582 533 621 Quae
556 583 695 624 trinitas,
721 586 814 623 pater
836 586 1000 624 patrisque
1024 583 1108 617 filius

444 629 523 662 Cum
548 630 673 671 spiritu,
699 640 780 663 unus
805 632 893 665 Deus
920 631 1097 664 substantia

443 677 508 709 Per
534 679 649 710 cuncta
673 681 784 719 regnat
809 680 1005 712 saeculorum
1031 679 1167 710 saecuia.

230 760 281 787 Tc.
301 773 339 778 -—
363 757 388 793 1,
410 757 428 787 2
448 760 644 788 Primitivum.
666 775 702 780 —
725 759 749 794 1,
763 760 783 789 4
803 762 967 790 ambulans.
989 777 1024 781 —
1047 761 1073 794 1,
1086 761 1103 790 5
1125 771 1229 798 corpus
1251 765 1279 789 et
1298 763 1412 798 spiritu.
1428 776 1464 781 ——

156 795 183 831 3,
204 795 222 825 3
243 799 371 826 miseria.
400 811 436 816 -—-
464 795 491 832 3,
512 796 530 825 5
556 799 778 833 versch1·ieben;
807 800 863 827 lies
888 808 959 828 vera
985 801 1042 828 Dei
1070 801 1191 828 dextera
1218 800 1286 828 oder
1312 809 1381 827 v:‘r·¹
1411 801 1466 827 Dei

154 837 294 863 munere?
321 851 359 855 —
390 834 417 870 5,
439 833 457 863 5
487 844 702 865 conservemus.
734 852 774 857 —-
803 835 829 871 6,
850 834 868 864 3
899 837 996 866 Illum.
1026 852 1044 857 -
1085 837 1112 871 7,
1133 836 1150 865 2
1181 839 1305 874 agmina.
1335 852 1371 857 -—
1401 837 1427 871 7,
1447 836 1466 864 4

157 874 316 902 auferatur.
342 888 376 893 —
398 872 426 910 8,
446 871 465 902 3
484 875 632 902 curricula
648 877 822 911 temporum.
843 891 846 894 -
870 891 880 895 ,
899 874 926 909 9,
949 873 964 902 1
984 876 1031 903 Tu
1051 877 1202 903 trinitatis.
1222 889 1259 894 —-
1278 874 1304 905 9,
1325 874 1344 902 2
1363 876 1465 903 Honor

156 920 345 948 quaesumus.
365 927 404 931 —
433 912 500 948 Vgl.
532 912 672 948 fibrigens
706 913 822 941 betreffs
854 913 905 941 dei·
934 914 1101 949 Doxologie
1131 912 1179 940 <lie
1209 914 1398 948 Anmerkung
1429 921 1467 940 zu

157 949 268 985 „Adest
288 950 353 983 diei,
377 950 502 986 Christe,
524 948 732 978 consecratio.“

611 1078 681 1111 200.
711 1079 771 1110 Pro
792 1078 892 1111 Varia
914 1079 1015 1111 Clade.

401 1169 432 1201 1.
459 1168 529 1200 Rex
554 1170 693 1208 aeterne,
718 1167 817 1207 Deus,
842 1166 914 1199 fons
939 1168 1079 1207 pietatis,

457 1215 549 1257 Spes,
576 1216 751 1254 tranquilla
774 1216 869 1257 salus,
896 1224 973 1247 vera
997 1215 1131 1255 medela,

455 1262 600 1295 Defessis
624 1263 760 1302 requies,
787 1271 906 1302 pascua
930 1262 1024 1303 vitae,

457 1309 529 1342 Lux
553 1308 750 1350 indeficiens,
776 1318 857 1349 pace
880 1310 1072 1349 redundans,

399 1388 431 1419 2.
458 1385 512 1417 Ad
536 1388 571 1416 te
593 1384 762 1417 maestifiei
785 1394 949 1417 murmura
972 1386 1085 1417 <lantes

452 1432 604 1465 Acolines
630 1430 741 1464 famuli
766 1441 909 1464 assumus
935 1441 1053 1471 omnes,

456 1480 578 1512 Nolens
604 1479 658 1520 qui
682 1480 815 1511 miseros
841 1482 944 1511 morte
966 1480 1080 1519 punire

456 1528 634 1561 Conversos
660 1528 766 1566 potius
788 1528 896 1560 vivere
920 1527 1031 1560 mavis,

398 1606 430 1638 3.
456 1604 507 1636 Tu
532 1612 565 1634 es
592 1602 773 1644 confugium
796 1604 878 1635 illud
903 1611 1048 1644 opacum,

457 1652 510 1682 Ad
537 1651 622 1690 quod
649 1650 723 1682 dum
748 1651 889 1683 titubans
915 1651 1041 1682 conscia
1066 1650 1168 1691 culpis

453 1698 548 1730 Mens
571 1697 703 1729 tandem
727 1700 891 1739 properat,
915 1698 1055 1738 percipit
1074 1698 1161 1730 idem

458 1746 520 1777 Pro
545 1743 654 1785 flagris
680 1744 804 1777 veniam
829 1747 925 1785 atque
950 1746 1094 1778 salutem.

396 1823 428 1855 4.
456 1820 522 1853 Nos
549 1821 635 1853 unde
658 1821 789 1853 nimium
814 1821 917 1853 territi
944 1824 1027 1862 actu,

455 1869 515 1909 Qui
543 1869 644 1901 cladis
669 1868 797 1901 validae
820 1869 991 1909 plectimur
1012 1870 1089 1909 ictu,

454 1917 509 1949 Ad
534 1918 568 1948 te
593 1915 802 1958 confugimus,
829 1917 911 1949 alme
935 1917 1130 1958 redemptor,

454 1964 500 1998 Ut
523 1965 652 2005 culpam
674 1965 777 2004 pietas
801 1973 875 1997 mox
899 1968 1073 2004 0sequatu1·.

397 2044 429 2076 5.
456 2042 605 2082 Mortem,
632 2049 725 2080 quam
752 2041 902 2073 minitans
928 2050 1007 2073 voce
1034 2042 1193 2082 propheta

455 2089 538 2122 Olim
563 2088 718 2121 vaticinat
742 2089 789 2120 sic
813 2090 976 2128 IeremiaS‚

452 2137 605 2169 Videmus
629 2137 762 2177 propius
787 2137 911 2177 percite
936 2139 1063 2169 nostras

455 2184 547 2217 Nunc
571 2184 694 2216 intrare
720 2185 829 2217 domos
855 2189 950 2225 atque
975 2183 1142 2218 fenestras,

394 2264 426 2297 6.
452 2261 560 2294 David
587 2269 669 2301 quae
692 2260 821 2301 gravius
847 2263 990 2301 tempore
1014 2258 1113 2300 fluxit,

453 2309 577 2343 Urbem
602 2309 802 2348 depopulans
825 2309 927 2349 impia
948 2308 1067 2346 cladeS,

452 2357 580 2390 Nostris
605 2365 664 2397 pro
691 2357 815 2389 meritis
840 2355 956 2389 finibus
980 2356 1102 2387 instans

450 2406 519 2439 Iam
546 2413 670 2446 quoque
695 2404 802 2446 gladio
828 2404 953 2439 vindice
979 2405 1116 2436 truncat.

1239 2455 1298 2486 18*
