1650 2610
682 117 944 152 ——125--

559 208 604 240 87.
634 209 671 241 In
690 218 714 241 s.
737 209 906 242 Aemiliani
926 208 1059 241 abbatis.

376 268 407 301 1.
435 268 460 300 Ο
486 277 600 310 magne
624 279 741 313 rerum,
770 271 907 312 Christe,
934 273 1040 303 rector
1063 269 1181 310 inclite,

435 316 556 348 Parent
579 319 700 358 olympi
725 319 883 360 perpetim
909 319 960 351 cui
982 317 1098 360 sidera,

436 364 487 396 Tu
510 367 586 397 vota
610 363 702 398 festis
728 367 840 398 annuis
865 365 1006 399 faventia

436 410 571 452 Largire
594 412 696 454 nobis,
724 417 812 445 casta
835 414 955 453 praebe
980 415 1012 444 et
1035 412 1151 451 sobria,

440 458 575 491 Piaeare
598 461 722 500 possint
747 470 828 500 quae
850 463 939 493 tuam
963 460 1173 492 elementiam.

382 516 413 549 2.
440 515 547 556 Plebs,
576 524 658 554 ecce,
686 520 800 550 cuncta
832 517 972 550 debitum
996 516 1176 549 recursibus

436 562 541 595 Solvit
563 563 687 596 dierum
708 573 812 604 prona
836 565 934 597 corde
958 567 991 596 et
1015 572 1157 603 corpore,

439 608 565 642 Confisa
589 614 697 642 mente
723 611 899 651 deprecans
921 611 1114 652 suffragium,

435 656 482 688 Ut
506 656 701 696 singulorum
726 659 906 697 ponderata
930 658 1092 699 questibus

440 703 595 735 Sustollat
620 704 704 737 alma
728 708 860 744 pectora
884 705 1092 746 indulgentia.

380 761 413 793 3.
439 759 575 791 Laetum
599 761 750 799 rependit
774 761 949 793 carminum
975 762 1178 793 concentibus

439 806 585 846 Cautum,
613 816 727 841 sonoro
751 809 863 850 pangit
887 817 943 841 ore
968 811 999 840 et
1024 807 1177 847 faucibus,

437 855 508 887 Tua
533 856 677 894 petentes
703 856 864 895 supplices
889 859 924 888 ut
951 856 1082 888 dextera

439 901 601 934 Probrosa
622 903 738 935 tollens
764 906 837 936 acta
861 907 971 935 nostra
996 903 1146 942 corrigas,

440 948 491 981 Sis
517 951 548 980 et
572 950 726 982 malorum
753 949 861 982 fautor
883 951 968 982 intus
992 949 1145 982 flentium.

380 1007 412 1039 4.
439 1005 572 1047 Semper
596 1008 742 1046 petentes
766 1008 940 1047 impetrare
963 1006 1122 1047 poscimus

436 1053 566 1086 Nostris
591 1054 748 1086 medelam
772 1053 926 1086 morbidis
952 1056 984 1085 et
1008 1054 1160 1092 moritum,

438 1100 473 1133 Si
497 1109 555 1133 nos
578 1101 733 1141 benignus
759 1103 791 1133 et
815 1102 886 1143 pius
911 1101 1102 1141 respexeris,

440 1147 500 1186 Qui
525 1150 615 1180 tanta
638 1149 736 1180 tantis
762 1149 923 1181 contulisti
948 1148 1092 1191 servulis,

440 1194 488 1227 Ut
508 1195 555 1227 nil
578 1197 713 1236 patrono
741 1196 824 1228 desit
847 1196 902 1228 isti
926 1197 1056 1237 gratiae.

383 1253 413 1285 5.
443 1252 561 1292 Culpas
587 1255 747 1292 gementes
772 1252 942 1292 pandimus
967 1252 1145 1289 miserrimi,

438 1300 512 1332 Non
538 1299 742 1341 obsequelam
767 1299 927 1339 perdituri
954 1301 1121 1341 credimus,

440 1347 517 1379 Cum
544 1348 673 1386 copiosa
696 1348 840 1388 poscitur
867 1347 1012 1388 potentia

440 1394 517 1426 Reis
542 1395 672 1426 assistat
694 1395 894 1434 supplicator
918 1394 1066 1434 opumm,

439 1441 500 1480 Qui
523 1439 633 1473 flectat
656 1442 737 1474 iram
761 1445 968 1482 proteratque
997 1451 1102 1473 noma.

383 1500 414 1532 6.
440 1497 492 1529 Ne
518 1498 595 1538 qnid
620 1498 722 1530 beatis
748 1499 866 1530 sentiat
891 1498 1073 1530 cohortibus

438 1545 550 1577 Hostis
576 1545 706 1578 rebellis
731 1546 892 1585 pullulare
918 1545 1054 1586 casibus,

438 1592 540 1625 Nefas
565 1594 721 1626 caducum
745 1593 925 1633 germinare
947 1593 1033 1634 odia,

439 1641 603 1673 Fraudem
629 1641 777 1674 dolumve
800 1641 981 1681 permoveri
1010 1640 1175 1681 machiniS‚

440 1688 602 1720 Flammas
625 1689 751 1728 pudicis
778 1686 975 1729 conflagrarc
997 1688 1086 1720 liliis.

386 1746 416 1778 7.
443 1744 533 1777 Haec
557 1746 663 1776 mente
687 1746 750 1777 rite
774 1744 840 1777 fixa
864 1745 936 1776 dum
964 1744 1165 1784 revolvimus,

439 1791 536 1824 Libet
562 1792 702 1824 dicatum
727 1793 917 1834 praedicare
941 1793 1112 1832 servulum,

440 1840 541 1871 Tuum
567 1839 757 1879 ministrum,
786 1840 912 1873 Christe
936 1840 1018 1882 Iesu,
1045 1839 1222 1881 vernulum,

440 1888 495 1928 Ut,
522 1885 607 1920 festa
630 1888 739 1920 mixtis
763 1887 888 1928 gaudiis
914 1897 984 1920 cum
1008 1888 1184 1928 pangimus,

440 1935 598 1976 Sequatur
621 1935 698 1968 inde
722 1937 791 1968 tota
815 1938 848 1968 te
869 1936 1021 1968 laudatio.

385 1995 417 2027 8.
441 1992 491 2024 Tu
515 2001 608 2025 sacra
631 1994 762 2033 templa,
788 1995 823 2025 tu
848 1995 949 2036 pater,
979 1993 1128 2025 caelestia

439 2040 550 2073 Habes
575 2043 711 2084 sacrata,
736 2042 771 2072 tu
795 2040 892 2080 Deus,
920 2049 979 2081 per
1003 2040 1130 2072 saecula

439 2088 549 2128 Regno
573 2088 688 2128 potiris
711 2091 745 2120 et
766 2089 851 2129 regis
875 2089 1068 2128 praesentia,

440 2136 489 2178 In,
516 2138 634 2176 sancte,
659 2136 777 2168 sanctis
802 2137 941 2169 cerneris
963 2135 1120 2168 mirabilis

439 2183 652 2224 Regnansque
673 2185 760 2217 solus
785 2185 868 2217 mira
892 2184 986 2217 factis
1013 2184 1144 2216 exseris.

384 2243 416 2275 9.
443 2241 530 2273 Hinc
555 2240 757 2273 obsecramus
783 2241 908 2282 expiari
931 2249 1072 2282 munere,

439 2289 561 2322 Redire
581 2298 714 2329 prorsus
739 2291 776 2320 ut
800 2289 885 2321 sinas
909 2290 973 2322 iam
997 2288 1153 2329 perditOS‚

442 2337 531 2370 Caeli
555 2337 700 2377 receptes
727 2337 924 2377 collocesque
948 2336 982 2368 in
1006 2336 1105 2377 regia,

440 2386 501 2425 Qui
527 2385 593 2429 das,
621 2387 790 2427 resurgant
813 2388 849 2417 ut
873 2387 1042 2424 perempta
1067 2392 1212 2425 corpora,

439 2433 596 2477 Concede,
624 2433 723 2467 corda
743 2435 780 2465 ut
804 2432 965 2468 calescant
993 2431 1107 2475 gratia.
