1650 2610
444 256 474 287 2.

418 2039 471 2070 10.

418 2254 471 2288 11.

746 158 1003 192 —250—

504 254 655 286 Caelestis
680 253 803 293 patriae
826 252 942 292 gaudia
966 250 1107 290 cogitans

499 302 639 341 Thyrsus
664 301 695 332 vi
720 299 860 340 reppulit,
883 297 987 331 omnia
1010 297 1130 330 saeculi

500 348 641 385 Sanctus,
669 355 738 378 cum
762 347 890 378 minime
915 345 1061 377 crederet
1084 345 1118 376 in
1143 343 1256 384 Deum,

497 393 644 426 Adi-latus
667 393 771 426 subito
796 392 922 425 flamine
946 394 1055 423 sancto
1082 394 1139 424 est.

470 503 476 509 .
503 478 635 510 Saevum
661 478 857 518 conspiciens
882 477 1021 509 iudicem
1044 477 1205 516 increpat:

499 524 561 556 Cur
586 527 711 557 sanctos
735 525 873 565 Domini,
899 524 1011 563 inquit,
1039 524 1178 555 atrocior

496 572 609 603 Poenis
635 572 806 603 discrucias
831 572 925 604 valde
953 571 1158 603 crudelibus?

497 616 612 649 Infelix
635 618 722 650 erebi
745 619 818 659 igne
845 618 1033 650 cremandus
1060 626 1102 652 es„

465 726 472 733 .
498 701 576 733 Ilico
598 702 728 734 rabidus
752 706 894 743 tempore
917 705 1078 743 presserat

497 748 606 780 Hostis
634 749 831 782 Cumbricius
856 749 999 782 membra
1024 750 1192 781 colentium

496 796 533 828 In
558 798 645 827 terra
669 796 846 836 Dominum,
872 797 972 829 multa
995 800 1161 838 perempta
1183 800 1257 829 sunt

496 842 681 874 Sanctorum
705 844 808 876 nitida
832 845 921 876 milia
944 847 1131 884 martyrum.

464 951 472 959 .
498 927 630 959 Sanctus
655 938 713 968 pro
737 929 871 961 Domino
896 929 1033 962 Leucius
1057 929 1171 961 nititur

495 974 636 1006 Electum
664 976 800 1006 animam
824 977 953 1008 tradere
976 976 1092 1017 potius,

497 1020 631 1052 Diversa
654 1030 770 1061 genera
791 1024 924 1064 pertulit
947 1023 1097 1054 innocens

496 1067 671 1099 Poenarum
696 1070 824 1110 cupiens
850 1070 991 1110 praemia
1015 1070 1145 1103 caelica.

466 1179 472 1184 .
498 1152 628 1184 Athleta
652 1153 785 1193 pedibus
808 1155 941 1195 impiger
966 1154 1130 1186 ambulans

495 1198 646 1241 Thyrsus‚
675 1209 780 1240 regem
805 1201 860 1232 ubi
883 1202 1024 1243 repperit
1049 1202 1193 1242 impium,

495 1245 708 1285 Apprendens
733 1248 844 1288 tenuit,
871 1249 1020 1280 admonet
1044 1251 1076 1279 et
1101 1249 1203 1290 docet,

493 1292 561 1323 Iam
585 1291 667 1325 falsa
687 1297 723 1325 ut
746 1295 848 1326 colere
871 1295 959 1327 idola
982 1298 1146 1329 temneret.

464 1400 472 1408 .
498 1376 587 1407 Tunc
609 1377 692 1409 laeto
717 1379 867 1411 simulans
892 1388 947 1412 ore
970 1380 1093 1412 locutus
1119 1385 1181 1413 est:

496 1422 554 1463 Tu,
580 1424 713 1464 Thyrse‚
740 1426 842 1466 cupio,
870 1427 999 1459 consilio
1023 1437 1093 1460 meo

494 1470 665 1502 Assensum
688 1472 831 1504 tribuens
856 1472 1015 1506 sacrifices
1042 1475 1114 1515 diis,

494 1516 540 1548 Ut
562 1526 706 1557 magnam
730 1520 868 1559 accipias
894 1521 1015 1560 copiam
1040 1531 1216 1554 munerum.

465 1625 471 1631 .
498 1601 648 1632 sanetus:
675 1602 881 1642 Perspicuum
907 1607 963 1645 est,
990 1606 1044 1643 ait,
1070 1607 1177 1647 impie,

493 1647 585 1685 Quod
608 1650 693 1680 totus
716 1650 840 1682 habitet,
862 1652 918 1683 ille
942 1653 1151 1691 nequissimus

493 1694 531 1726 In
557 1697 588 1725 te
614 1704 696 1727 nunc
720 1697 848 1729 coluber
870 1708 988 1738 pravus
1014 1702 1046 1731 et
1067 1701 1215 1742 invidus;

496 1739 571 1772 Cum
595 1742 653 1773 tali
676 1752 788 1782 pereas
812 1746 958 1786 principe
982 1746 1121 1780 horride.

462 1849 469 1855 .
496 1824 643 1857 Gastrum
668 1830 840 1867 perniciter
865 1830 978 1863 adfore
1000 1833 1157 1873 praecipit

494 1871 623 1904 Plenum
649 1875 788 1916 lympha,
815 1882 911 1917 caput
934 1880 1083 1919 martyris
1109 1880 1251 1923 suffocat,

495 1919 625 1961 Corpus,
651 1923 735 1960 quod
759 1928 912 1964 superest,
939 1924 1076 1958 fustibus
1104 1929 1238 1961 caedere

494 1964 631 1998 Nodosis
656 1969 759 2000 acrius
783 1971 916 2009 pestifer
940 1973 1086 2012 imperat.

499 2039 561 2071 Sed
586 2050 694 2073 servus
719 2043 845 2077 Domini
873 2056 948 2079 voce
971 2049 1115 2087 piissima

499 2086 545 2117 De
569 2096 644 2119 vase
667 2090 814 2123 miserum
840 2094 976 2126 iudicem
999 2096 1163 2137 increpat:

494 2133 639 2173 Agnosce
655 2136 831 2177 Dominum,
857 2141 980 2173 lubrice
1005 2146 1037 2173 et
1060 2144 1179 2188 invide,

498 2180 576 2212 Cum
602 2183 702 2214 cernis
728 2193 825 2224 opera
848 2196 962 2228 magna
987 2192 1017 2220 et
1042 2191 1163 2225 inclita,

498 2256 609 2288 Turris
634 2260 826 2292 construitur
850 2263 943 2295 altius
969 2266 1108 2298 eminens

497 2303 561 2335 Per
584 2313 694 2344 gyrum
718 2307 833 2346 gladiis
858 2308 928 2342 fixis
952 2311 985 2343 in
1010 2314 1165 2351 ordinem.

495 2350 606 2382 Almus
632 2349 694 2394 (ut)
720 2352 847 2395 fastigio
870 2357 992 2396 positus
1019 2361 1168 2394 decidens

496 2397 581 2429 Ense
605 2401 779 2440 susciperet
803 2404 945 2436 membra
968 2405 1086 2441 fidelia..
