1650 2610
703 132 863 168 -164
921 151 960 156 ἦ

593 225 646 257 115.
676 224 710 255 In
732 223 861 255 sanctae
880 222 1050 262 Eugeniae.

373 278 403 310 1.
428 279 578 310 Astantes
602 276 722 315 pariter
746 283 839 306 sexus
862 274 1026 316 unigenae,

349 2043 404 2076 10.

350 2240 404 2274 11.

423 325 525 357 Hcros
551 332 620 354 cum
644 322 781 362 senibus,
807 321 895 360 virgo
922 323 953 351 et
977 322 1081 362 anule,

423 371 574 411 Infantes,
600 371 740 411 iuvenes,
766 367 886 400 ambitu
910 367 1044 399 affluens

423 417 540 450 Uhristi
565 425 641 456 quos
666 416 810 455 placidus
836 415 961 454 sanguis
987 415 1152 452 emaculat,

426 473 570 506 Gaudete
594 472 699 503 sobrie
723 471 840 511 gaudia
863 470 1010 509 maxima,

420 520 602 553 Reddentes
626 518 761 550 Domino
786 520 860 549 vota
884 518 1034 561 salubria,

421 568 558 600 Exstant
580 565 742 606 Eugeniac
767 564 849 596 festa
875 565 1021 608 celebria,

422 616 507 652 Quae
532 612 611 644 caeli
635 613 751 644 meruit
774 612 930 644 scandere
953 612 1101 651 patriam.

390 694 397 701 .
423 670 511 702 Haec
534 671 656 708 martyr
680 669 790 700 nitidis
815 670 885 699 orta
911 669 1096 708 parentibus

422 718 520 749 Plene
547 716 683 747 “studuit
709 716 855 756 dogmata
879 716 1003 756 artium,

420 764 512 796 Pauli
538 763 595 794 sed
620 763 724 794 subito
747 771 891 794 normam
917 763 991 794 dum
1013 761 1129 801 attigit,

421 810 535 843 Mundi
557 818 630 841 mox
654 810 746 842 arida.
768 809 885 850 gaudia
908 810 1042 843 horruit.

426 867 508 898 Nam
532 868 656 905 patrem
680 867 805 907 penitus
828 868 1001 897 matremve
1027 866 1186 906 deserens,

423 914 554 945 Fratres
580 915 611 943 et
633 914 797 952 propriam
821 921 944 943 omnem
969 911 1133 951 familiam,

421 961 543 992 Aurum
569 966 600 991 et
622 960 757 999 lapides,
783 959 908 991 habitus
933 960 1061 1000 sericos,

421 1007 475 1039 Ad
501 1006 660 1039 Christum
684 1016 756 1038 nam
781 1006 864 1037 viam
889 1006 1012 1046 quaerit
1036 1008 1072 1037 ut
1099 1006 1246 1039 advehat.

392 1088 399 1095 .
427 1063 485 1095 Cui
509 1071 590 1099 mort,
617 1062 669 1101 qui
694 1063 745 1094 via
770 1064 827 1102 est,
854 1071 888 1093 se
913 1063 997 1094 viam
1022 1062 1161 1103 exhibet,

426 1110 489 1141 Per
513 1118 605 1148 quam
630 1109 803 1149 Eugeniam
829 1109 965 1141 associat
994 1110 1059 1141 suis

427 1156 570 1188 Christus
594 1156 656 1186 iam
682 1155 807 1188 famulis
833 1158 927 1195 atque
951 1157 1133 1188 monasticis

423 1202 578 1242 Sponsam
602 1203 756 1234 clarificat
781 1205 812 1234 et
835 1203 897 1234 sibi
923 1204 1058 1243 copulat.

394 1285 400 1291 .
426 1258 508 1290 Nam
534 1266 601 1289 cum
629 1259 825 1298 conspiceret
849 1259 983 1298 praedia
1006 1268 1171 1299 prospera,

425 1306 526 1337 Audit
551 1305 746 1337 christicolas
771 1306 910 1345 psallere
936 1307 1071 1338 caelica:

426 1352 539 1384 Omnes
566 1352 729 1384 daemonia
752 1355 826 1384 sunt
851 1353 896 1384 dii
916 1354 1066 1393 gentium,

426 1398 507 1429 Nam
534 1399 637 1431 caelos
661 1399 814 1431 Dominus
840 1398 974 1431 fabricat
1001 1399 1117 1441 opifex.

396 1480 404 1487 .
429 1454 590 1485 Eunuchis
614 1456 772 1494 praecipit
795 1456 891 1487 Proto
918 1457 1132 1495 Iacinthoque,

428 1500 576 1532 Tondant
601 1502 770 1533 caesariem
796 1502 824 1532 ei
850 1505 882 1533 et
905 1503 1066 1535 ambulent

428 1547 601 1579 Cisternam
627 1557 776 1586 vacuam;
803 1550 934 1588 propria
963 1551 1120 1592 deserunt,

424 1594 474 1625 Ad
502 1597 626 1626 sanctos
651 1595 777 1627 Domini
801 1595 874 1627 ilico
899 1599 1072 1629 transeunt.

398 1675 405 1682 .
432 1650 520 1682 Nulli
545 1660 615 1681 nam
640 1651 792 1691 profitens
817 1660 852 1682 se
876 1651 945 1684 fore
968 1652 1127 1692 feminam,

427 1697 492 1728 Soli
515 1697 680 1737 magnifico
705 1707 808 1738 papae
832 1702 861 1730 et
887 1700 1020 1741 Heleno,

425 1746 454 1776 A
480 1753 540 1784 quo
564 1749 637 1784 post.
661 1746 787 1777 lavacro
813 1746 912 1778 tincta
936 1749 1123 1787 renascitur,

425 1791 583 1823 Adhaesit
606 1793 698 1823 sociis
724 1794 811 1833 virgo
837 1795 1028 1827 monasticis.

393 1872 401 1879 .
427 1847 468 1878 Et
493 1848 538 1878 ita
562 1847 688 1879 Domini
713 1848 794 1881 fulta
816 1851 987 1891 praesidio,

426 1894 471 1926 Ut
494 1903 599 1925 omncs
624 1899 751 1935 superet
774 1895 860 1928 infra
884 1897 1061 1939 biennium,

427 1940 518 1980 Nam,
544 1941 626 1979 quod
652 1944 793 1974 canonici
816 1953 900 1974 nunc
923 1945 998 1977 libri
1024 1947 1195 1987 continent,

430 1987 586 2019 Adhaesit
609 1989 712 2021 animo
740 1989 858 2021 Christi
881 1993 1049 2032 puellulae.

429 2043 538 2075 Abbas
560 2044 601 2075 ad
628 2044 795 2077 Dominum
818 2049 892 2085 post
915 2049 975 2080 tria
1002 2053 1147 2089 tempora

425 2090 554 2130 Migrat,
583 2091 727 2123 continuo
752 2094 914 2131 praeviam
943 2096 1063 2136 eligunt

425 2137 556 2169 Fratres
579 2137 770 2180 Eugeniam3
797 2148 874 2178 quos
900 2151 969 2173 cum
993 2153 1066 2176 mox
1091 2150 1216 2185 regeret

426 2183 551 2215 Affectu
573 2185 677 2223 patrio
702 2190 788 2218 recte
813 2188 975 2229 coenobio,

430 2240 534 2272 Tanta
558 2249 577 2271 a
599 2240 668 2273 Deo
694 2245 742 2273 est
766 2250 855 2274 cessa
880 2244 1080 2288 charismata,

427 2287 473 2320 Ut
497 2287 598 2319 caecis
623 2289 729 2320 oculos
754 2293 843 2321 curet
867 2292 917 2323 vel
941 2293 1118 2337 languidOS,

426 2335 530 2366 Pellat
556 2335 720 2368 daemonia
743 2337 843 2369 multa
866 2347 885 2369 a
910 2348 1053 2383 corpora,

427 2382 541 2414 Omnes
566 2382 724 2415 invalidos
748 2385 866 2417 sanitas
889 2392 1045 2428 assequat.
