1650 2610
715 141 971 176 —210—

434 243 489 276 19.
515 242 590 280 ipse
614 239 798 279 precantum
821 236 897 267 vota
919 232 1074 272 suscipiat

514 288 559 321 Et
581 284 721 326 paradisi
745 284 870 315 ianuam
894 281 1027 323 aperiat,

513 334 571 372 Qui
597 333 706 364 aethre
730 333 841 361 tonans
866 337 923 360 nos
948 328 1019 367 pius
1044 326 1175 358 adiuvat

515 381 696 419 Cunctaque
719 377 804 408 solus
830 372 997 420 [regendo]
1024 373 1164 405 dimicat.

438 466 493 498 20.
519 463 568 496 Sit
591 462 690 493 honor
709 461 769 502 illi,
796 460 849 500 qui
873 459 959 490 solus
982 460 1106 490 intonat

512 509 563 542 De
584 509 660 540 sede
679 508 746 548 poli
772 509 945 545 cunctaque
968 505 1098 548 iudicat,

513 556 616 594 Eique
639 563 709 586 sese
733 555 841 594 lingua
863 553 1010 593 subiciat,

515 603 577 635 Per
602 611 692 634 omne
717 602 855 633 saeclum
881 601 1021 633 carmina
1046 600 1201 631 concinat.

270 698 305 724 X.
326 711 362 715 —
382 694 408 729 2,
430 694 445 722 1
468 696 548 729 Quae
567 696 660 731 virgo.
680 710 718 714 —
738 693 764 728 2,
785 693 803 723 3
822 694 924 722 Liicke
942 703 1002 722 von
1021 696 1093 721 zwei
1114 694 1229 727 Silhe11;
1252 693 1352 721 lactat.
1375 707 1409 711 —
1431 691 1457 727 4,
1480 692 1494 720 1

196 735 243 762 Da
266 734 312 761 die
326 733 429 767 Quelle
447 735 481 760 in
500 733 549 761 der
570 732 751 768 Sehreibmig
767 732 908 760 Abuudus
929 734 1002 760 stati.
1015 732 1169 760 Abundans
1188 731 1258 767 (vgl.
1281 730 1325 764 12,
1348 730 1379 764 1;
1404 728 1447 764 13,
1468 729 1498 766 3)

195 772 257 799 sich
279 773 384 799 ebenso
405 771 499 807 gleieh
520 771 613 799 bleibt
634 772 688 798 wie
707 771 738 797 in
753 770 803 797 flor
817 770 944 798 anderen
958 770 1083 805 Olybrus
1098 772 1171 798 statt
1182 769 1322 804 Olybrius
1338 769 1407 805 (vgl.
1421 767 1447 801 Γ),
1464 767 1496 802 2;

195 807 221 840 6,
244 807 273 843 1;
295 807 337 842 12,
356 806 393 842 4),
416 817 448 836 μ)
469 809 535 835 sind
554 808 638 835 beide
660 808 851 836 beibehalten.
872 822 910 827 —
930 806 956 841 5,
973 806 993 835 4
1012 808 1095 844 publi
1115 811 1171 835 tus.
1185 821 1224 826 ——-
1237 805 1263 842 6,
1282 805 1296 833 1
1317 806 1420 834 Liieke
1439 816 1498 834 von

193 846 255 873 drei
275 846 384 874 Silben.
405 861 443 866 —-
461 846 487 878 7,
504 844 522 872 2
542 847 715 873 conterritus
736 846 875 873 clamitat.
895 860 931 864 —-
952 844 978 881 9,
992 845 1011 873 4
1032 848 1142 880 martyr
1162 848 1194 873 ut
1214 845 1352 872 ambulat.
1367 859 1405 863 —
1420 842 1465 878 13,
1482 843 1496 871 1

193 892 257 911 cum
278 884 358 912 fehlt.
414 899 417 903 ·
440 882 483 917 14,
507 882 524 911 3
543 884 655 911 Haberi
676 884 767 910 cuius.
794 898 830 902 —
860 881 903 916 14,
924 881 942 911 3
963 885 1035 916 eitoz
1062 884 1120 918 vgl.
1144 882 1187 916 12,
1209 881 1235 909 2.
1251 897 1289 901 -
1313 881 1356 916 15,
1376 879 1395 910 3
1414 882 1496 917 Ignis

196 930 305 957 peenas
332 922 394 949 hos.
422 936 456 940 -
489 919 532 955 16,
553 919 571 949 3
595 922 715 949 urendo.
774 935 779 939 -
806 919 849 954 16,
869 919 890 948 4
907 921 1026 949 Extrita
1045 929 1118 948 rore.
1144 936 1182 940 —
1211 919 1254 954 19,
1275 918 1293 948 3
1316 920 1440 948 aethere.
1461 934 1500 938 —

198 957 241 991 19,
261 958 281 986 4
318 960 386 987 :olus
413 959 552 987 dimicare
577 959 642 985 vult
663 958 804 994 (cffonbar
827 967 921 994 gegeu
943 959 991 986 die
1014 959 1131 994 stannig
1156 958 1381 994 durchgeffihrte
1399 958 1499 985 End—

195 1004 371 1024 assonanz
391 997 454 1023 auf
471 996 506 1032 a).
526 1010 563 1015 —
584 994 628 1030 20,
649 995 669 1024 4
688 996 844 1024 saeculum.
858 1012 895 1017 -—
916 996 972 1024 Csr.
992 997 1092 1032 Mig-ne
1112 995 1158 1031 86,
1181 994 1263 1024 1288.

593 1142 654 1173 146.
686 1143 722 1174 In
742 1151 782 1174 ss.
802 1143 881 1175 Iusti
901 1144 932 1175 et
949 1145 1100 1176 Pastoris.

213 1233 244 1265 1.
271 1233 296 1265 O
320 1232 382 1264 Dei
405 1240 545 1271 perenne
567 1232 709 1274 verbum,
889 1234 919 1266 5.
945 1234 1113 1273 Appetunt
1137 1242 1231 1265 cursu
1257 1233 1373 1265 deinde

314 1279 415 1318 patris
441 1287 496 1310 ore
519 1279 690 1319 proditum,
996 1280 1154 1320 praesidis
1179 1281 1393 1320 praesentiam

269 1326 427 1366 Organum
452 1326 505 1365 qui
529 1325 687 1357 imbecille
946 1328 992 1359 Et
1016 1336 1141 1359 crucem
1168 1327 1289 1360 Christi
1314 1328 1474 1368 sequendo

318 1373 467 1404 admoves
492 1370 660 1404 infantium
996 1383 1109 1414 corpus
1134 1377 1261 1407 armant
1286 1374 1401 1414 debile,

271 1420 359 1451 Dans
385 1419 429 1449 eis
456 1420 578 1458 spirare
601 1417 720 1457 flatum,
950 1422 1015 1461 Quo
1040 1421 1217 1461 triumphos
1242 1421 1399 1461 passionis

319 1465 403 1497 vocis
428 1468 460 1496 ut
484 1468 630 1505 promant
654 1475 774 1498 sonum.
996 1468 1186 1507 expedirent
1209 1467 1349 1502 fortiter.

216 1542 247 1574 2.
274 1542 324 1573 [L'u
346 1540 418 1580 pius
446 1541 556 1572 adesto
580 1540 682 1583 nobis,
890 1545 922 1577 6.
947 1543 1018 1575 Hoc
1042 1546 1174 1583 repente
1197 1543 1341 1576 Daciano

318 1589 406 1620 solve
429 1587 526 1619 fibras
550 1588 695 1627 gutturis,
996 1590 1177 1622 nuntiantes
1201 1590 1358 1634 inquiunt,

275 1635 339 1667 Ora
362 1636 483 1666 instme
507 1635 650 1674 loquelis,
948 1637 1044 1675 Ecce,
1071 1638 1224 1670 advenire
1250 1638 1411 1670 Christum

320 1681 417 1713 corda.
442 1683 530 1721 reple
551 1682 701 1722 lacrimis,
992 1683 1182 1725 profitentes
1206 1686 1344 1724 parvuli,

273 1729 319 1762 Ut,
343 1731 524 1761 sanctorum
546 1727 630 1760 festa
655 1729 758 1770 dignis
947 1732 1065 1763 Mortis
1087 1732 1173 1764 ultro
1198 1732 1362 1772 passiones

319 1776 538 1817 praecinamus
562 1776 700 1809 canticis.
997 1783 1091 1818 atque
1117 1780 1230 1811 caedes
1252 1780 1390 1820 perpeti.

220 1854 250 1884 3.
276 1852 362 1883 Ecce
380 1852 497 1891 Iustus,
525 1859 597 1883 ecce
621 1852 744 1892 Pastor,
893 1856 923 1889 7.
951 1855 1112 1887 Turbidus
1138 1858 1189 1887 ast
1211 1855 1288 1887 inde
1313 1864 1442 1895 praeses

322 1898 412 1930 ambo
438 1899 536 1929 iuncti
561 1899 721 1938 sanguine,
996 1902 1157 1934 concitans
1182 1902 1348 1934 saevitiam

278 1948 361 1984 Quos
386 1945 440 1984 pia
464 1944 674 1977 fraternitatis
949 1950 1002 1982 Ad
1027 1958 1100 1981 suos
1125 1952 1231 1981 truces
1255 1951 1429 1993 ministros,

322 1993 469 2024 vinxerat
493 1992 693 2033 germanitas,
996 2000 1032 2028 ut
1053 1999 1231 2039 teneantur,
1258 1998 1400 2029 clamitat

279 2039 387 2071 Iunxit
410 2040 549 2078 aequalis
575 2041 718 2071 sacratae
948 2044 1100 2076 Fastibus
1124 2045 1236 2077 iubens
1260 2046 1380 2077 tenella

322 2085 478 2126 passionis
502 2085 616 2117 unitas.
999 2091 1149 2131 dissipari
1175 2101 1318 2131 corpora.

217 2163 248 2195 4.
275 2162 319 2193 Hi
343 2164 447 2193 tamen
472 2161 588 2193 scholis
613 2162 739 2203 retenti,
893 2167 923 2199 8.
950 2166 1041 2198 Tunc
1065 2170 1189 2199 sacrata
1213 2176 1291 2199 voce
1314 2175 1384 2200 sese

325 2209 398 2241 dum
423 2212 571 2240 seruntur
595 2209 708 2250 literis,
999 2214 1213 2254 adloquuntur
1235 2215 1384 2251 invicem,

277 2256 463 2296 Audientes,
490 2256 575 2296 quod
600 2258 753 2295 tyrannus
952 2261 1145 2293 Temnerent
1167 2265 1203 2294 ut
1227 2262 1420 2302 temporales

324 2304 424 2335 intrat
447 2304 558 2335 urbem
582 2312 786 2345 persequens,
999 2310 1062 2341 rite
1086 2318 1205 2348 poenas
1231 2311 1385 2352 corporis,

277 2351 355 2382 ilico
381 2350 521 2382 scholam
545 2351 726 2391 relinquunt
956 2356 1022 2395 Quo
1048 2355 1187 2388 futurum
1213 2357 1417 2397 possiderent

329 2400 362 2430 et
384 2398 519 2431 tabellas
545 2398 696 2434 abnuunt,
1015 2404 1165 2444 gaudium
1192 2413 1261 2437 cum
1287 2405 1418 2446 angelis.
