1650 2610
229 263 261 294 3.
288 261 406 300 Cuique
431 260 548 290 celsum
571 258 691 299 apicem

283 308 487 347 Apostolatus
514 305 624 337 tribuit

285 355 327 387 Et
354 355 471 385 clarum
496 352 650 391 evangelii

284 401 408 433 Deinde
434 401 527 432 decus
552 399 693 431 contulit.

290 467 348 506 Qui
372 466 456 497 solus
481 473 571 496 axem
596 463 752 495 fervidum

287 513 462 552 Aggressus
487 514 591 542 truces
616 510 749 550 populos

285 559 478 591 Ardentiore
502 557 616 597 spiritu

285 605 476 638 Flammavit
499 605 571 643 igne
597 604 736 635 caelitus.

255 695 261 702 .
288 671 423 710 Fugavit
446 679 552 710 magos
576 669 747 708 improbos,

283 718 468 756 Serpentum
494 717 580 748 virus
604 716 732 758 expulit,

294 764 433 796 Armavit
458 764 556 795 saeris
581 763 720 795 moribm

286 811 416 843 Dicatos
442 810 566 842 Christo
591 811 735 850 populos.

231 675 248 704 CR

250 904 257 910 .
285 877 386 910 Castis
412 877 541 908 edoctus
565 876 682 916 regulis

290 924 419 956 Plebem
443 924 582 954 lucratus
607 923 737 954 arduam

286 970 518 1009 Regalibusque
541 970 630 1001 atriis

287 1017 378 1048 Vitae
401 1016 484 1048 fudit
510 1017 648 1048 oracula.

922 256 953 287 7.

925 670 956 702 9.

905 877 958 910 10.

825 162 893 195 222
941 178 987 183 —-

980 254 1039 293 Qui
1062 254 1162 284 multa
1186 254 1260 292 post
1284 249 1439 282 miracula

980 301 1023 333 Et
1049 303 1178 332 sanctae
1204 300 1287 331 vitae
1311 297 1455 339 praemia.

981 348 1053 379 Hoc
1076 347 1161 379 sacri
1184 345 1431 386 praedicaminis

984 395 1099 427 Caesus
1124 395 1209 426 dieto
1234 393 1392 425 occubuit.

984 461 1174 500 Nostrisque
1198 460 1302 491 libens
1326 458 1476 498 precibus

983 509 1075 539 Assit
1099 510 1253 547 patronus
1279 507 1415 546 optimus

982 555 1026 587 Et
1049 555 1104 595 pio
1131 555 1268 585 clemens
1293 554 1397 585 animo

984 602 1109 634 Celsum
1134 604 1246 633 exoret
1269 601 1456 640 principem.

981 668 1082 701 Nobis
1108 669 1253 708 acquirat
1276 668 1393 708 gaudia

985 716 1165 748 Praesentis
1191 715 1261 746 aevi
1286 724 1325 746 au
1349 724 1475 754 supera,

982 763 1131 794 Advorsa
1154 765 1266 794 cuneta
1290 766 1396 793 arceat

982 810 1027 842 Et
1057 818 1198 850 quaeque
1222 813 1356 848 prosunt
1380 809 1511 841 tribuat.

985 876 1052 907 Deo
1078 876 1163 915 patri
1187 876 1230 906 sit
1253 876 1357 915 gloria

983 924 1124 962 Eiusque
1148 923 1208 953 soli
1232 921 1298 953 filio

985 971 1060 1001 Cum
1086 970 1201 1008 spiritu
1227 970 1382 1008 paraclito

983 1017 1130 1056 Regnans
1151 1026 1210 1056 per
1232 1024 1323 1047 omne
1340 1017 1509 1048 saeculum.

291 1091 326 1117 X.
347 1105 384 1109 —
405 1089 429 1124 1,
444 1089 463 1118 4
483 1091 603 1118 adtende
625 1091 771 1118 condocet.
794 1106 826 1110 —
848 1090 875 1123 4,
893 1089 910 1119 3
932 1091 1107 1118 Ardentiori.
1127 1106 1167 1110 —
1186 1089 1212 1124 5,
1227 1089 1245 1117 2
1266 1091 1459 1126 serpentium.
1474 1106 1511 1110 —

219 1130 244 1160 ὅ,
264 1126 283 1155 4
303 1128 405 1155 fundit.
426 1142 461 1147 —
481 1127 507 1161 7,
527 1127 547 1155 4
566 1128 669 1155 dietus.
696 1146 723 1149 —
746 1127 772 1162 9,
793 1127 810 1154 2
832 1137 867 1155 ae
888 1138 982 1164 super.
1005 1145 1008 1146 ν

1063 1129 1120 1156 Cfr.
1140 1129 1241 1164 Migne
1260 1127 1306 1161 56,
1330 1126 1411 1156 1206.

645 1248 704 1279 157.
734 1248 769 1279 In
789 1248 890 1279 sanct-i
909 1248 1069 1280 Matthaei.

762 1334 797 1362 In
815 1334 976 1364 Laudibus.

456 1403 488 1434 1.
514 1402 672 1434 Sollemne
695 1403 804 1434 rutilat
828 1411 866 1433 ae
890 1403 1071 1434 venerabile

508 1448 601 1480 Nune
625 1448 750 1487 festum,
775 1450 895 1489 populi,
920 1453 1051 1489 pectora
1076 1452 1217 1490 pandite

511 1495 646 1527 Caelesti
671 1495 804 1527 Domino
828 1505 960 1528 munera
983 1497 1097 1529 solvite

609 1542 669 1590 ‘Et
692 1546 797 1582 grates
822 1544 873 1583 pie
898 1544 1033 1578 reddite,

509 1617 638 1648 Electus
663 1617 790 1649 Domini
815 1627 948 1658 namque
974 1619 1157 1659 discipulus,

510 1664 690 1695 Matthaeus
717 1668 857 1703 vocatus,
883 1666 975 1696 nimis
1000 1669 1029 1697 et
1054 1666 1193 1705 inclstm,

510 1711 666 1743 (olendus
690 1712 816 1751 populis
841 1711 945 1744 adfuit
968 1713 1122 1748 omnibus,

627 1758 733 1790 Claret
758 1762 787 1790 et
814 1759 893 1790 bene
918 1760 1067 1791 moribus.

475 1856 481 1863 .
506 1833 569 1864 Hic
593 1833 710 1866 Christi
736 1834 839 1866 socius
863 1833 966 1866 factus
992 1836 1144 1875 apostolis

507 1880 571 1911 Dat
594 1883 704 1912 sancta
727 1882 853 1920 populis
878 1891 1008 1914 munera.
1032 1884 1133 1915 literis

507 1926 551 1959 Et
576 1928 678 1959 clarus
703 1936 800 1966 opere
822 1927 928 1960 floruit
948 1931 1085 1961 aetheris

625 1974 801 2006 Ostendens
826 1976 910 2007 bona
932 1977 1064 2008 meritis.

509 2049 640 2081 Clarens
666 2048 779 2081 officiis
803 2051 865 2082 iste
891 2051 1019 2083 deificus

507 2094 646 2127 Videtur
671 2097 765 2137 regiis
788 2097 931 2138 imperiis
957 2100 1033 2131 deus

507 2142 543 2174 In
569 2144 685 2175 mundo
707 2144 840 2184 positus,
869 2146 969 2177 celsus
995 2147 1182 2191 hominibus,

622 2190 666 2222 Ut
689 2191 787 2222 vitam
813 2192 905 2223 daret,
929 2194 1084 2228 omnibus,

473 2293 480 2299 .
508 2265 589 2297 Dum
613 2266 755 2297 membra
779 2267 901 2298 relevat
924 2268 977 2299 hic
1000 2270 1147 2312 puerilia,

508 2313 695 2345 Gubernans
721 2313 837 2345 dieitur
862 2323 975 2349 cuncta
998 2316 1146 2357 polifera,

506 2360 575 2393 Rex
601 2361 678 2393 dare
699 2361 749 2392 illi
770 2361 860 2393 iubet
881 2362 955 2394 ilico
980 2373 1113 2397 munera

627 2408 800 2441 Admirans
824 2409 886 2441 sibi
909 2411 1039 2451 placita.
