1650 2610
676 153 722 159 —-—
771 130 839 166 290
886 149 935 153 -

157 236 199 259 Nr.
712 226 778 249 Seite
835 226 877 248 Nr.
1398 213 1464 237 Seite

162 272 222 303 165.
245 274 280 301 In
301 282 322 300 a.
344 271 509 300 Sebastiani
543 285 699 294 .....
723 264 778 294 235
838 262 900 292 187.
920 264 955 291 In
976 261 1147 290 Sam-atione
1167 257 1315 286 Basilicae
1341 276 1347 282 .
1377 273 1383 279 .
1410 250 1465 281 263

159 315 222 345 166.
241 317 278 344 In
298 324 319 342 s.
342 314 507 343 Sebastiam
543 330 696 336 .....
722 306 779 336 236
837 304 900 335 188.
920 307 957 333 In
978 302 1201 332 Restauratione
1221 299 1382 328 Basilicae.
1409 293 1466 324 264

160 358 221 387 167.
241 359 277 386 In
300 367 321 385 s,
342 356 509 386 Sebastiani
543 372 699 381 ,,,,,
723 348 778 379 238
805 348 808 390 Ι
839 347 900 377 189.
920 349 955 376 In
976 345 1184 375 Annivm-sario
1206 341 1388 370 Sacrationis

160 400 223 430 168.
242 402 277 429 In
310 409 347 428 ss.
386 397 527 427 Servandi
567 399 596 423 et
631 394 703 422 Gor-
963 389 1109 418 Basilieae
1146 402 1386 414 .......
1411 379 1466 409 265

281 443 362 470 diani
390 459 696 468 .........
723 434 776 463 241
839 433 901 463 190.
920 435 956 461 In
979 432 1171 461 Ordinatione
1189 428 1346 464 Episcopi.
1380 447 1386 450 .
1411 423 1467 452 265

160 484 222 514 169.
241 487 278 513 Ῑη
298 494 335 512 ss.
357 483 483 511 Simonis
505 484 534 509 et
551 481 660 508 Iudae.
693 498 699 504 .
723 476 779 505 242
838 475 901 505 191.
921 477 957 504 In
979 474 1170 504 Ordinatione
1191 471 1345 506 Episcopi.
1380 489 1386 495 .
1411 465 1467 494 267

162 527 221 556 170.
242 528 277 555 In
297 535 319 553 s.
341 526 470 560 Spei-ati.
504 546 507 549 .
543 546 546 549 .
579 546 582 549 .
618 543 621 546 .
657 543 660 546 .
693 543 699 549 .
725 518 780 548 243
841 518 902 548 192.
923 520 957 546 Iu
978 517 1121 546 Natalitio
1140 514 1279 550 Episcopi
1305 534 1308 540 .
1341 534 1347 540 .
1380 531 1386 537 .
1412 506 1468 537 268

161 568 223 598 171.
243 571 279 597 In
299 578 320 596 s.
342 568 483 604 Stephani
504 588 510 591 .
543 585 546 591 .
582 588 585 591 .
618 585 624 591 .
657 585 660 591 .
696 585 699 591 .
725 561 781 591 243
840 559 903 590 193.
923 562 960 589 In
979 559 1172 588 Ordinatione
1193 557 1283 591 Regis
1305 576 1308 582 .
1344 576 1347 582 .
1380 576 1386 579 .
1412 552 1468 582 269

162 611 223 640 172.
243 613 277 639 In
298 620 334 639 ss.
358 610 470 645 Syriaci
492 611 521 636 et
539 608 662 635 Paulae.
696 627 699 633 .
725 603 780 633 245
841 603 903 633 194.
923 605 958 632 In
979 602 1120 630 Natalitio
1141 600 1230 635 Regis
1266 621 1272 624 .
1305 621 1308 624 .
1344 618 1347 624 .
1383 618 1386 624 .
1413 595 1468 625 269

161 651 222 682 173.
242 655 278 681 Iu
298 662 319 680 s.
339 653 469 680 Thnmae
504 672 507 678 .
543 672 546 675 .
582 672 588 675 .
621 669 624 675 .
660 669 663 675 .
696 672 699 675 .
725 646 781 675 24ss
842 645 905 675 195.
925 647 962 674 In
979 645 1165 673 Profectiones
1179 642 1349 670 Exercitus.
1383 663 1389 666 .
1414 638 1469 667 271

162 694 224 723 174.
245 696 279 723 In
300 704 322 722 s.
342 694 470 723 Thomae
507 711 702 720 ......
726 687 781 717 248
809 693 810 696 ’
842 688 904 718 196.
924 690 957 717 In
980 689 1063 716 Novo
1084 687 1169 714 Anno
1188 705 1389 711 ......
1416 680 1469 710 271

161 737 224 766 175.
243 738 279 765 1η
299 746 321 764 s.
339 736 446 771 Thyrsi
471 759 477 762 .
510 759 513 762 .
546 753 702 762 .....
726 730 782 759 249
842 730 905 760 197.
927 732 1063 766 Hymnus
1083 729 1120 757 de
1138 728 1284 755 Primitiis
1305 747 1311 753 .
1347 747 1350 753 .
1383 747 1389 750 .
1414 723 1470 752 272

163 777 223 807 176.
243 780 279 807 In
298 788 321 806 s.
341 779 482 814 Torquati
504 801 507 804 .
543 798 699 804 .....
727 772 782 802 253
843 772 905 802 198.
926 775 961 802 In
982 774 1056 801 festo
1077 772 1276 799 Primitiarum
1308 789 1311 795 .
1344 792 1350 795 .
1383 789 1389 795 .
1415 766 1471 795 2755

161 821 223 850 177.
242 822 279 849 In
300 830 337 849 ss.
356 821 525 852 Verissimi,
550 819 707 850 Maximae,
843 815 905 845 199.
926 817 971 844 De
991 814 1155 843 Primitivis
1194 831 1389 840 ......
1415 808 1473 837 274

280 864 375 891 Iuliae
391 883 397 889 .
429 885 435 891 .
468 885 474 888 .
507 885 510 888 .
546 882 549 888 .
582 882 585 888 .
621 882 624 888 .
660 882 663 885 .
696 882 702 888 .
728 858 783 887 255
843 857 906 888 200.
925 859 983 886 Pro
1005 858 1095 884 Varia
1116 855 1204 883 Clade
1233 873 1392 882 .....
1417 851 1472 880 275

162 904 224 935 178.
242 907 279 934 In
299 915 321 933 S.
341 905 489 934 Vincentii
513 927 516 930 .
549 924 552 930 .
588 924 591 930 .
624 924 627 927 .
663 924 666 927 .
699 924 705 930 .
728 900 784 929 255
841 900 906 930 201.
927 902 986 928 Pro
1006 901 1100 927 Varia
1119 897 1209 926 Clade
1233 918 1392 924 .....
1416 893 1473 922 276

163 947 225 976 179.
244 949 280 976 In
313 957 350 975 ss.
379 948 540 980 Vincentii‚
572 945 707 978 Sabinae,
842 942 906 972 202.
929 945 985 971 Pro
1006 943 1099 970 Varia
1121 940 1211 968 Clade
1233 960 1236 966 .
1272 960 1275 966 .
1311 960 1314 966 .
1347 960 1353 963 .
1386 960 1392 963 .
1418 934 1473 965 278

285 989 446 1017 Christetae
468 1011 474 1014 .
507 1011 510 1014 .
546 1008 549 1014 .
585 1008 588 1014 .
621 1008 627 1011 .
660 1008 663 1011 .
699 1008 702 1014 .
727 984 784 1013 256
811 1002 815 1044 Ι
841 984 906 1015 203.
927 987 973 1014 De
991 985 1133 1013 Ubertate
1151 983 1277 1010 Piuviae
1311 1002 1317 1008 .
1350 1002 1353 1008 .
1389 1002 1392 1008 .
1417 978 1474 1008 278

163 1031 225 1061 180.
246 1033 291 1060 De
310 1033 442 1068 plurimis
462 1031 639 1065 Martyribus
660 1050 663 1056 .
699 1050 702 1056 .
729 1026 784 1056 258
842 1026 907 1057 204.
927 1029 973 1056 De
993 1026 1156 1055 sterilitate
1176 1024 1314 1053 Pluviae.
1347 1044 1353 1050 .
1386 1044 1392 1050 .
1418 1021 1473 1050 279

163 1074 226 1103 181.
245 1076 291 1103 De
310 1075 441 1110 plurimis
460 1073 637 1107 Martyribus
660 1092 666 1098 .
699 1092 702 1098 .
729 1068 785 1098 258
842 1068 907 1100 205.
926 1071 1072 1106 Tempore
1090 1068 1167 1097 Belli
1197 1086 1392 1095 ......
1418 1063 1473 1094 281

164 1116 225 1146 182.
246 1118 291 1145 De
313 1126 369 1145 uno
390 1117 471 1144 Iusto
510 1137 513 1143 .
549 1137 552 1140 .
585 1137 591 1140 .
624 1137 627 1140 .
663 1137 666 1140 .
699 1137 705 1140 .
730 1112 786 1141 259
844 1111 907 1142 206.
928 1114 1072 1148 Tempore
1091 1111 1169 1139 Belli
1197 1131 1392 1137 ......
1418 1106 1476 1137 282

166 1158 228 1188 183.
248 1160 294 1187 De
314 1168 371 1187 uno
390 1159 520 1193 Martyre
549 1179 705 1182 .....
729 1154 785 1183 259
812 1146 815 1164 ¹
843 1154 907 1184 207.
927 1155 974 1182 De
992 1154 1180 1182 Nubentibus
1195 1173 1395 1179 ......
1419 1148 1476 1179 283

166 1200 227 1230 184.
247 1202 292 1229 De
310 1210 367 1229 uno
387 1200 529 1228 Pontifiee
545 1219 551 1225 .
588 1221 591 1224 .
624 1221 630 1224 .
663 1221 666 1224 .
699 1221 705 1224 .
730 1196 786 1226 260
844 1195 907 1226 208.
927 1198 963 1225 In
983 1196 1085 1225 Officio
1106 1195 1291 1224 Infirmorum
1311 1215 1317 1218 .
1350 1215 1356 1221 .
1389 1215 1395 1218 .
1420 1191 1477 1222 284

166 1242 229 1272 185.
248 1245 294 1272 De
314 1252 370 1271 uno
390 1242 531 1270 Pontifiee
549 1263 705 1269 .....
731 1239 786 1268 262
845 1238 909 1268 209.
929 1241 966 1267 111
989 1239 1110 1276 Agenda
1127 1238 1312 1266 Mortuerum
1353 1257 1356 1263 .
1389 1257 1395 1263 .
1419 1234 1476 1263 286

167 1284 228 1314 186.
248 1286 293 1313 De
312 1295 369 1313 uno
391 1284 560 1312 Confessore
588 1305 591 1311 .
624 1305 630 1311 .
663 1305 669 1311 .
702 1305 705 1311 .
732 1281 787 1310 262
845 1280 909 1310 210.
930 1283 975 1309 De
994 1290 1052 1309 uno
1074 1281 1218 1309 Defuncto
1239 1299 1398 1305 .....
1423 1275 1479 1306 286

620 1384 667 1421 ΙΙ.
716 1384 856 1420 Verbal
864 1406 875 1411 -
884 1383 1010 1420 Index.

242 1470 478 1500 Nachstehendes
497 1470 632 1505 Register
653 1470 744 1497 bietet
767 1470 908 1497 zuniiohst
933 1471 981 1497 ein
1000 1469 1211 1505 vollstssmdiges
1237 1469 1474 1505 alphabetisehes

167 1519 353 1547 Verzeichnis
391 1518 463 1545 aller
498 1518 634 1552 Hymnen
665 1515 763 1551 (bezw.
794 1514 987 1551 Divisiones),
1025 1518 1072 1544 die
1102 1517 1305 1545 naehweisbar
1333 1517 1380 1544 bis
1411 1525 1478 1544 zum

170 1565 214 1594 16.
234 1565 432 1593 Jahrhundert
460 1565 502 1591 im
530 1562 769 1591 mozarabischen
793 1563 878 1591 Ritus
905 1564 938 1590 iu
962 1563 1078 1591 Braueh
1100 1572 1207 1591 waren.
1250 1564 1310 1591 Um
1335 1563 1384 1591 die
1412 1564 1479 1591 echt

167 1613 405 1641 mozarabischen
414 1619 473 1639 von
484 1611 539 1638 den
549 1611 696 1638 bestimmt
708 1609 776 1637 oder
785 1609 1026 1638 wahrscheinlich
1038 1611 1242 1639 anderswoher
1256 1620 1272 1638 e
1280 1620 1300 1638 n
1308 1611 1337 1638 tl
1345 1611 1481 1639 ehnten

169 1659 228 1687 und
270 1659 388 1687 deshalb
421 1658 504 1686 nieht
536 1659 577 1685 im
610 1657 709 1684 vollen
748 1658 825 1685 Text
859 1658 1047 1694 vorgeiegten
1078 1658 1217 1694 Hymueu
1258 1667 1295 1686 zu
1334 1658 1479 1691 scheidem

169 1707 234 1734 sind
254 1707 373 1734 letztere
392 1705 482 1733 durch
504 1706 588 1732 einen
607 1706 808 1741 vorgesetzten
820 1704 984 1732 Asteriseus
1001 1703 1016 1719 *
1032 1705 1290 1742 gekennzeiehnet.
1330 1706 1481 1741 Hymnen-

169 1753 257 1788 kiipfe
289 1753 320 1780 in
354 1752 533 1788 Sperrdruck
572 1751 638 1778 sind
679 1751 824 1779 inediti.
879 1751 977 1780 Einen
1016 1753 1291 1781 Gesamtiiberbliek
1328 1754 1400 1781 iiber
1434 1753 1482 1780 die

170 1800 291 1834 Quellen
308 1799 466 1827 vei-mittelt
485 1799 532 1826 die
544 1798 672 1832 Tabe11e‚
693 1800 726 1826 in
744 1798 869 1826 welcher
889 1800 937 1827 ein
954 1801 982 1830 -ὶ-
1007 1801 1039 1827 in
1060 1799 1110 1827 der
1123 1800 1321 1829 betreffenden
1333 1801 1480 1829 Kolumne

172 1847 219 1874 die
237 1847 292 1874 Hs.
313 1846 438 1882 angiebt‚
459 1846 568 1874 welche
589 1846 644 1874 den
660 1845 821 1883 fragliehen
834 1846 968 1881 Hymnus
988 1848 1114 1883 enthiilt5
1135 1847 1183 1875 die
1196 1848 1343 1876 Kolumne
1356 1849 1416 1877 ΝΜ.
1437 1849 1484 1877 be-

175 1893 308 1921 zeichnet
325 1892 636 1921 nieht-mozarabisehe
657 1893 788 1926 Quellen.

373 2007 640 2047 Hymnentext.

173 2095 237 2124 *Ad
256 2097 374 2124 brevem
393 2104 425 2123 se
444 2097 545 2123 mortis
564 2104 649 2123 usum
656 2116 832 2123 ..........

173 2133 236 2162 *Ad
256 2142 356 2162 cenam
376 2135 445 2170 agni
464 2132 580 2170 providi
854 2156 879 2161 ..
902 2155 927 2161 ..

171 2172 263 2199 Adest
281 2171 340 2199 diei
361 2170 474 2199 Christe
488 2172 667 2199 consecratio
675 2191 833 2199 .........

172 2210 261 2237 Adest
281 2210 341 2236 dies
361 2211 529 2245 percompta.
547 2211 666 2237 summis
674 2229 833 2237 .........
903 2230 928 2237 ..
952 2232 976 2239 ..
999 2232 1024 2238 ..
1047 2233 1072 2240 ..
1096 2234 1121 2240 ..
1144 2234 1169 2240 ..
1192 2235 1217 2241 ..
1241 2236 1246 2241 .

172 2247 288 2275 Adest
308 2246 384 2275 dies
406 2255 471 2282 quo
492 2255 621 2283 passus
643 2250 834 2274 est.......
856 2269 881 2275 ..
905 2269 929 2275 ..
953 2270 978 2276 ..
1000 2270 1025 2276 ..
1048 2271 1073 2277 ..
1096 2272 1122 2278 ..
1145 2272 1170 2278 ..
1260 2235 1313 2242 Ἠ

174 2283 282 2313 *Adest
301 2284 362 2312 dies
382 2286 833 2313 sanctissima..............
856 2307 881 2313 ..
905 2306 929 2313 ..
953 2308 977 2315 ..
1000 2308 1026 2314 ..
1049 2309 1073 2316 ..
1097 2310 1121 2317 ..
1145 2310 1170 2316 ..
1309 2273 1315 2280 .

174 2323 265 2351 Adest
279 2322 413 2350 miranda
429 2324 529 2359 passio
547 2322 552 2358 Ι
567 2324 691 2351 Levitae
697 2343 834 2350 ........
854 2327 883 2356 -Ι-
905 2344 930 2350 ..
954 2345 979 2352 ..
1002 2346 1027 2352 ..
1050 2347 1075 2354 ..
1098 2348 1122 2354 ..
1146 2348 1170 2353 ..

173 2361 282 2388 Adest
300 2360 790 2397 mirandapass101Quiriei
809 2381 834 2388 ..
857 2382 882 2389 ..
905 2382 930 2389 ..
954 2383 979 2390 ..
1002 2384 1027 2390 ..
1050 2385 1075 2392 ..
1097 2386 1123 2392 ..
1145 2385 1171 2392 ..

174 2398 291 2434 (Adesto
312 2399 419 2426 nostris
441 2400 573 2435 precibus
594 2400 644 2427 eft.
663 2399 795 2436 Intende)
842 2374 849 2431 Ι
