1650 2610
364 222 395 253 9.

339 467 394 500 10.

338 712 396 744 11.

336 958 392 990 12.

337 1204 391 1236 13.

334 1450 389 1483 14.

335 1698 388 1730 15.

334 1945 387 1977 16.

331 2194 384 2225 17.

688 127 945 164 —203—

421 221 500 254 Mox
524 223 707 255 nuntiorum
733 225 961 256 contabescunt
984 224 1091 256 taedio

420 269 528 300 Mater
552 272 716 313 paterque,
743 271 818 303 hinc
844 272 954 304 dolore
979 271 1091 310 tabidi,

417 315 567 348 Funebre
591 316 711 349 factum
736 328 799 350 non
823 318 962 351 ferentes
988 318 1047 351 filii

420 363 567 396 Clamore
590 367 694 396 terras
718 365 862 399 luctuoso
889 367 1078 406 compleant,

420 410 579 450 Plangunt
603 415 802 452 gemuntque,
831 414 988 445 consolari
1013 417 1181 453 nequeunt.

422 466 497 506 Sed,
525 475 608 508 ecee,
634 477 744 500 rursus
769 469 928 509 praesidis
953 469 1091 502 fremens
1117 469 1206 502 furor

420 514 547 547 Prolem
572 515 711 547 iubendo
738 517 915 557 disgregari
938 527 959 549 a
983 520 1123 557 martyre

418 561 609 593 Frustratur
634 565 708 594 actu
732 563 881 595 iussionis
906 564 1044 597 immode

420 609 552 647 videns,
579 609 663 649 quod
687 609 751 641 ista
776 611 908 650 quisque
933 612 1029 643 vellet
1052 610 1175 651 perfici,

421 655 594 687 Contractu
618 656 724 688 vultus
751 657 909 690 baiularet
932 658 1074 690 brachia.

421 711 508 743 Hinc
529 713 651 744 noxiali
677 713 799 744 claudit
822 713 932 745 ambos
956 722 1095 755 carcere,

417 759 484 798 Quo
508 757 601 791 furva
626 762 733 791 essent
754 763 831 799 tota,
860 769 953 792 caeca
979 765 1011 793 et
1035 759 1175 801 foetida,

418 805 482 837 Sed
507 806 596 837 sidus
620 806 690 838 illic
713 806 794 838 lucis
820 807 923 838 almae
946 808 1111 847 splenduit

416 853 462 885 Et
486 853 642 885 luminoso
668 856 780 885 nectar
804 854 897 887 addit
921 855 1051 894 carceri,

415 901 585 940 Locusque
604 901 739 932 horrens
763 900 802 932 fit
825 901 928 933 beatis
954 902 1080 933 clarior.

418 957 509 997 Quod
533 957 595 988 rite
619 957 740 989 factum
764 958 1011 997 pertremiscant
1035 959 1150 989 milites

415 1005 461 1036 Et
484 1004 590 1036 lumen
615 1004 707 1037 huius
735 1007 917 1036 contuentes
941 1006 1063 1045 gratiae

419 1051 580 1084 Conversa
605 1052 732 1084 Christo
760 1053 857 1084 corda
880 1052 961 1083 votis
987 1052 1130 1095 offerunt,

419 1099 611 1131 Sternuntur
633 1099 725 1131 almis
748 1099 900 1139 martyris
925 1099 1077 1139 vestigiis,

418 1146 578 1179 Christum
603 1147 771 1184 honorant,
797 1155 911 1178 nomen
937 1147 1003 1178 eius
1028 1146 1227 1187 praedicant.

419 1204 479 1235 His
506 1202 687 1235 convocatis
712 1203 754 1234 ad
778 1203 874 1235 fidem
901 1202 1095 1245 custodibus,

414 1251 469 1283 Bis
496 1250 578 1282 dena
602 1258 733 1290 quorum
761 1249 997 1290 conflagrarunt
1020 1253 1161 1290 pectora,

416 1298 545 1339 Septem
572 1296 682 1330 fideles
707 1298 809 1338 stirpe
834 1297 922 1329 clara
945 1297 1076 1339 proditi,

413 1346 496 1385 Quos
521 1354 614 1377 sacra
639 1344 763 1377 Christo
785 1345 932 1377 vinxerat
956 1345 1159 1385 germanitas,

414 1394 508 1426 Claro
533 1392 706 1424 utebantur
730 1392 763 1423 hi
787 1392 939 1432 magistro
963 1392 1113 1424 Antonio.

415 1450 557 1482 Ductore
580 1450 639 1480 tali
663 1453 838 1488 praeeunte
862 1449 973 1488 angelo

415 1498 531 1529 Petunt
556 1499 688 1528 ovantes
714 1496 854 1528 claustra
878 1496 949 1527 dira
974 1495 1123 1535 carceris,

413 1544 532 1584 Quibus
557 1544 644 1575 beati
670 1543 885 1575 consedebant
908 1546 1076 1583 martyres,

413 1591 591 1631 Statimque
613 1590 730 1623 florens
757 1591 879 1624 Celsius
906 1591 956 1622 vel
980 1590 1098 1623 milites

412 1639 577 1679 Baptisma
602 1638 721 1671 Christi
746 1643 980 1677 consequuntur
1005 1638 1186 1670 candidum.

415 1696 500 1728 Hinc
525 1704 637 1735 agmen
662 1704 758 1726 unum
785 1694 948 1727 christiani
975 1695 1130 1735 dogmatis

412 1743 506 1776 Facti
530 1743 683 1783 magistro
706 1743 842 1782 Iuliano,
868 1742 1008 1773 Antonio

413 1792 486 1824 Uno
511 1793 660 1822 tenentur
682 1789 887 1829 mancipandi
911 1790 1048 1828 vinculo,

412 1838 516 1871 Unius
540 1838 604 1870 acti
630 1837 767 1870 carceris
793 1837 939 1868 custodia

410 1885 523 1918 Finire
547 1886 645 1918 vitam
671 1893 741 1916 cum
764 1884 926 1924 triumpho
952 1886 1146 1918 exaestuant.

414 1943 514 1976 Fides
538 1943 676 1983 probata
700 1941 818 1974 Iuliani
838 1942 990 1981 martyris

409 1990 582 2024 Probanda
605 1989 704 2031 signis
729 1999 839 2021 rursus
865 1991 897 2020 et
921 1988 1110 2022 virtutibus:

412 2039 538 2079 Corpus
561 2039 709 2078 sepulcro
732 2037 981 2079 mancipandum
1004 2037 1139 2069 suscitat

412 2085 511 2119 Plebe
535 2086 724 2126 obstupente
748 2086 799 2117 vel
823 2088 979 2117 tremente
1003 2085 1151 2124 insignia,

409 2135 575 2166 Terrenna
600 2134 729 2167 vincens
754 2133 855 2166 vincit
879 2135 911 2164 et
934 2142 1007 2165 mox
1032 2135 1166 2164 tartara.

413 2191 488 2231 Sed,
516 2200 599 2232 ecee,
625 2199 768 2231 surgens,
795 2198 873 2223 voce
898 2191 1038 2222 clamans
1062 2189 1187 2221 intonat

408 2241 553 2279 Accepta
578 2248 647 2271 esse
671 2241 745 2270 vota
770 2239 898 2272 Christo
917 2237 1078 2278 martyris,

410 2287 506 2321 Cuius
531 2290 680 2327 precatus
705 2287 842 2327 glorioso
871 2295 1003 2318 munere

408 2335 557 2369 Infernus
581 2336 682 2367 omnis
708 2334 954 2366 contremiscens
979 2331 1096 2374 palluit

407 2385 520 2417 Vivum
548 2386 726 2424 reportanS,
752 2392 844 2423 quem
869 2382 1000 2414 tenebat
1023 2381 1192 2412 mortuum.
