<?xml version="1.0" encoding="UTF-8"?>
<!DOCTYPE html PUBLIC "-//W3C//DTD XHTML 1.0 Transitional//EN"
    "http://www.w3.org/TR/xhtml1/DTD/xhtml1-transitional.dtd">
<html xmlns="http://www.w3.org/1999/xhtml" xml:lang="en" lang="en">
 <head>
  <title>
</title>
<meta http-equiv="Content-Type" content="text/html;charset=utf-8" />
  <meta name='ocr-system' content='tesseract 3.04.00' />
  <meta name='ocr-capabilities' content='ocr_page ocr_carea ocr_par ocr_line ocrx_word'/>
</head>
<body>
  <div class='ocr_page' id='page_1' title='image "./analectahymnica27drevuoft_00189.png"; bbox 0 0 1650 2610; ppageno 0'>
   <div class='ocr_carea' id='block_1_1' title="bbox 699 141 951 176">
    <p class='ocr_par' dir='ltr' id='par_1_1' title="bbox 699 141 951 176">
     <span class='ocr_line' id='line_1_1' title="bbox 699 141 951 176; baseline 0.004 -1"><span class='ocrx_word' id='word_1_1' title='bbox 699 141 951 176; x_wconf 79' lang='lat'>—186—</span> 
     </span>
    </p>
   </div>
   <div class='ocr_carea' id='block_1_2' title="bbox 412 234 1131 409">
    <p class='ocr_par' dir='ltr' id='par_1_2' title="bbox 412 234 1131 371">
     <span class='ocr_line' id='line_1_2' title="bbox 412 234 1131 277; baseline -0.013 -4"><span class='ocrx_word' id='word_1_2' title='bbox 412 241 465 273; x_wconf 82' lang='lat'><strong>13.</strong></span> <span class='ocrx_word' id='word_1_3' title='bbox 492 240 632 272; x_wconf 81' lang='lat' dir='ltr'>Gloriam</span> <span class='ocrx_word' id='word_1_4' title='bbox 653 238 772 277; x_wconf 76' lang='lat' dir='ltr'>psallat</span> <span class='ocrx_word' id='word_1_5' title='bbox 795 237 907 267; x_wconf 87' lang='lat' dir='ltr'><strong>chorus</strong></span> <span class='ocrx_word' id='word_1_6' title='bbox 932 237 963 265; x_wconf 83' lang='lat' dir='ltr'><strong>et</strong></span> <span class='ocrx_word' id='word_1_7' title='bbox 987 234 1131 274; x_wconf 78' lang='lat' dir='ltr'><strong>resultet,</strong></span> 
     </span>
     <span class='ocr_line' id='line_1_3' title="bbox 494 282 1107 323; baseline -0.013 -4"><span class='ocrx_word' id='word_1_8' title='bbox 494 287 633 319; x_wconf 80' lang='lat' dir='ltr'>Gloriam</span> <span class='ocrx_word' id='word_1_9' title='bbox 660 284 754 323; x_wconf 78' lang='lat' dir='ltr'><strong>dicat,</strong></span> <span class='ocrx_word' id='word_1_10' title='bbox 781 286 872 314; x_wconf 79' lang='lat' dir='ltr'><strong>canat</strong></span> <span class='ocrx_word' id='word_1_11' title='bbox 899 284 931 313; x_wconf 73' lang='lat' dir='ltr'><strong>et</strong></span> <span class='ocrx_word' id='word_1_12' title='bbox 953 282 1107 323; x_wconf 75' lang='lat' dir='ltr'><strong>revolvat,</strong></span> 
     </span>
     <span class='ocr_line' id='line_1_4' title="bbox 490 328 974 371; baseline -0.012 -6"><span class='ocrx_word' id='word_1_13' title='bbox 490 333 623 365; x_wconf 83' lang='lat' dir='ltr'>Nomine</span> <span class='ocrx_word' id='word_1_14' title='bbox 647 331 741 371; x_wconf 79' lang='lat' dir='ltr'><strong>trino,</strong></span> <span class='ocrx_word' id='word_1_15' title='bbox 769 330 888 362; x_wconf 71' lang='lat' dir='ltr'><strong>deitate</strong></span> <span class='ocrx_word' id='word_1_16' title='bbox 914 328 974 360; x_wconf 84' lang='lat' dir='ltr'><strong>soli</strong></span> 
     </span>
    </p>

    <p class='ocr_par' dir='ltr' id='par_1_3' title="bbox 629 377 910 409">
     <span class='ocr_line' id='line_1_5' title="bbox 629 377 910 409; baseline 0 0"><span class='ocrx_word' id='word_1_17' title='bbox 629 377 741 409; x_wconf 83' lang='lat' dir='ltr'><strong>Sidera</strong></span> <span class='ocrx_word' id='word_1_18' title='bbox 766 377 910 409; x_wconf 74' lang='lat' dir='ltr'><strong>clament.</strong></span> 
     </span>
    </p>
   </div>
   <div class='ocr_carea' id='block_1_3' title="bbox 175 476 1480 1531">
    <p class='ocr_par' dir='ltr' id='par_1_4' title="bbox 175 476 1480 1531">
     <span class='ocr_line' id='line_1_6' title="bbox 255 476 1479 515; baseline -0.004 -7"><span class='ocrx_word' id='word_1_19' title='bbox 255 482 292 508; x_wconf 87' lang='lat' dir='ltr'><strong>X.</strong></span> <span class='ocrx_word' id='word_1_20' title='bbox 308 496 341 499; x_wconf 97' lang='lat'><strong>—</strong></span> <span class='ocrx_word' id='word_1_21' title='bbox 357 480 381 515; x_wconf 88' lang='lat'><strong>1,</strong></span> <span class='ocrx_word' id='word_1_22' title='bbox 397 479 414 508; x_wconf 85' lang='lat'><strong>2</strong></span> <span class='ocrx_word' id='word_1_23' title='bbox 435 483 463 508; x_wconf 82' lang='lat' dir='ltr'><strong>et</strong></span> <span class='ocrx_word' id='word_1_24' title='bbox 483 489 591 507; x_wconf 89' lang='lat' dir='ltr'><strong>cruore.</strong></span> <span class='ocrx_word' id='word_1_25' title='bbox 607 493 643 497; x_wconf 89' lang='lat'><strong>-—</strong></span> <span class='ocrx_word' id='word_1_26' title='bbox 658 477 683 512; x_wconf 87' lang='lat'><strong>1,</strong></span> <span class='ocrx_word' id='word_1_27' title='bbox 697 476 715 506; x_wconf 84' lang='lat'><strong>3</strong></span> <span class='ocrx_word' id='word_1_28' title='bbox 734 479 821 505; x_wconf 80' lang='lat' dir='ltr'>Pacis</span> <span class='ocrx_word' id='word_1_29' title='bbox 841 478 956 513; x_wconf 86' lang='lat' dir='ltr'><strong>fenore;</strong></span> <span class='ocrx_word' id='word_1_30' title='bbox 976 477 1127 504; x_wconf 82' lang='lat' dir='ltr'><strong>vielleicht</strong></span> <span class='ocrx_word' id='word_1_31' title='bbox 1146 478 1228 513; x_wconf 84' lang='lat' dir='ltr'><strong>pacis</strong></span> <span class='ocrx_word' id='word_1_32' title='bbox 1249 477 1370 504; x_wconf 82' lang='lat' dir='ltr'><strong>fenora?</strong></span> <span class='ocrx_word' id='word_1_33' title='bbox 1400 476 1479 503; x_wconf 86' lang='lat' dir='ltr'><strong>Aber</strong></span> 
     </span>
     <span class='ocr_line' id='line_1_7' title="bbox 182 514 1479 551; baseline -0.005 -4"><span class='ocrx_word' id='word_1_34' title='bbox 182 521 263 548; x_wconf 71' lang='lat' dir='ltr'><strong>sensi:</strong></span> <span class='ocrx_word' id='word_1_35' title='bbox 281 520 390 546; x_wconf 74' lang='lat' dir='ltr'><strong>sffimmt</strong></span> <span class='ocrx_word' id='word_1_36' title='bbox 408 520 439 545; x_wconf 92' lang='lat' dir='ltr'><strong>in</strong></span> <span class='ocrx_word' id='word_1_37' title='bbox 459 518 567 545; x_wconf 80' lang='lat' dir='ltr'><strong>diesem</strong></span> <span class='ocrx_word' id='word_1_38' title='bbox 581 517 715 551; x_wconf 81' lang='lat' dir='ltr'>Hymnus</span> <span class='ocrx_word' id='word_1_39' title='bbox 737 518 807 543; x_wconf 75' lang='lat' dir='ltr'><strong>stets</strong></span> <span class='ocrx_word' id='word_1_40' title='bbox 829 516 879 543; x_wconf 91' lang='lat' dir='ltr'><strong>der</strong></span> <span class='ocrx_word' id='word_1_41' title='bbox 894 515 1081 543; x_wconf 58' lang='lat' dir='ltr'><strong>XVortaecent</strong></span> <span class='ocrx_word' id='word_1_42' title='bbox 1100 516 1154 542; x_wconf 82' lang='lat' dir='ltr'><strong>mit</strong></span> <span class='ocrx_word' id='word_1_43' title='bbox 1174 515 1238 541; x_wconf 86' lang='lat' dir='ltr'><strong>dem</strong></span> <span class='ocrx_word' id='word_1_44' title='bbox 1259 514 1479 549; x_wconf 77' lang='lat' dir='ltr'><strong>rhythmischen</strong></span> 
     </span>
     <span class='ocr_line' id='line_1_8' title="bbox 180 551 1477 591; baseline -0.005 -6"><span class='ocrx_word' id='word_1_45' title='bbox 180 559 296 585; x_wconf 71' lang='lat' dir='ltr'><strong>Acuent.</strong></span> <span class='ocrx_word' id='word_1_46' title='bbox 323 571 360 575; x_wconf 94' lang='lat'>—</span> <span class='ocrx_word' id='word_1_47' title='bbox 385 554 410 588; x_wconf 81' lang='grc'><strong>2,</strong></span> <span class='ocrx_word' id='word_1_48' title='bbox 427 554 444 582; x_wconf 77' lang='lat'><strong>3</strong></span> <span class='ocrx_word' id='word_1_49' title='bbox 470 564 533 591; x_wconf 81' lang='lat' dir='ltr'><strong>sqq.</strong></span> <span class='ocrx_word' id='word_1_50' title='bbox 560 555 587 583; x_wconf 86' lang='lat' dir='ltr'>X</span> <span class='ocrx_word' id='word_1_51' title='bbox 613 553 711 585; x_wconf 78' lang='lat' dir='ltr'><strong>(bezw.</strong></span> <span class='ocrx_word' id='word_1_52' title='bbox 737 552 828 586; x_wconf 81' lang='lat' dir='ltr'><strong>Ortiz)</strong></span> <span class='ocrx_word' id='word_1_53' title='bbox 856 554 933 581; x_wconf 80' lang='lat' dir='ltr'><strong>reiht</strong></span> <span class='ocrx_word' id='word_1_54' title='bbox 953 553 1142 580; x_wconf 84' lang='lat' dir='ltr'><strong>unmittelbar</strong></span> <span class='ocrx_word' id='word_1_55' title='bbox 1164 560 1203 580; x_wconf 84' lang='lat' dir='ltr'><strong>an</strong></span> <span class='ocrx_word' id='word_1_56' title='bbox 1224 551 1250 586; x_wconf 84' lang='lat'><strong>2,</strong></span> <span class='ocrx_word' id='word_1_57' title='bbox 1273 552 1291 579; x_wconf 81' lang='lat'><strong>3</strong></span> <span class='ocrx_word' id='word_1_58' title='bbox 1311 552 1368 579; x_wconf 90' lang='lat' dir='ltr'><strong>den</strong></span> <span class='ocrx_word' id='word_1_59' title='bbox 1386 552 1477 579; x_wconf 89' lang='lat' dir='ltr'><strong>Vers:</strong></span> 
     </span>
     <span class='ocr_line' id='line_1_9' title="bbox 180 589 1479 624; baseline -0.003 -3"><span class='ocrx_word' id='word_1_60' title='bbox 180 595 242 622; x_wconf 82' lang='lat' dir='ltr'><strong>Iam</strong></span> <span class='ocrx_word' id='word_1_61' title='bbox 262 595 421 620; x_wconf 83' lang='lat' dir='ltr'><strong>cruciamur</strong></span> <span class='ocrx_word' id='word_1_62' title='bbox 441 595 493 619; x_wconf 69' lang='lat' dir='ltr'><strong>obc-</strong></span> <span class='ocrx_word' id='word_1_63' title='bbox 532 591 741 619; x_wconf 68' lang='lat' dir='ltr'><strong>Zweifelsolme</strong></span> <span class='ocrx_word' id='word_1_64' title='bbox 761 593 801 618; x_wconf 78' lang='lat' dir='ltr'><strong>ist</strong></span> <span class='ocrx_word' id='word_1_65' title='bbox 821 592 884 619; x_wconf 89' lang='lat' dir='ltr'><strong>hier</strong></span> <span class='ocrx_word' id='word_1_66' title='bbox 904 591 974 618; x_wconf 82' lang='lat' dir='ltr'><strong>aber</strong></span> <span class='ocrx_word' id='word_1_67' title='bbox 994 591 1059 618; x_wconf 88' lang='lat' dir='ltr'><strong>eine</strong></span> <span class='ocrx_word' id='word_1_68' title='bbox 1079 591 1193 624; x_wconf 82' lang='lat' dir='ltr'><strong>Liicke‚</strong></span> <span class='ocrx_word' id='word_1_69' title='bbox 1222 591 1269 618; x_wconf 87' lang='lat' dir='ltr'><strong>die</strong></span> <span class='ocrx_word' id='word_1_70' title='bbox 1294 589 1372 617; x_wconf 88' lang='lat' dir='ltr'><strong>wohl</strong></span> <span class='ocrx_word' id='word_1_71' title='bbox 1396 590 1479 617; x_wconf 83' lang='lat' dir='ltr'><strong>mehr</strong></span> 
     </span>
     <span class='ocr_line' id='line_1_10' title="bbox 181 627 1479 666; baseline -0.003 -7"><span class='ocrx_word' id='word_1_72' title='bbox 181 633 224 660; x_wconf 85' lang='lat' dir='ltr'><strong>als</strong></span> <span class='ocrx_word' id='word_1_73' title='bbox 249 633 312 658; x_wconf 79' lang='lat' dir='ltr'><strong>eine</strong></span> <span class='ocrx_word' id='word_1_74' title='bbox 332 631 455 666; x_wconf 71' lang='lat' dir='ltr'><strong>Sti-ephe</strong></span> <span class='ocrx_word' id='word_1_75' title='bbox 481 629 638 657; x_wconf 75' lang='lat' dir='ltr'><strong>ausmaelit.</strong></span> <span class='ocrx_word' id='word_1_76' title='bbox 678 630 713 656; x_wconf 86' lang='lat' dir='ltr'><strong>ln</strong></span> <span class='ocrx_word' id='word_1_77' title='bbox 733 629 783 656; x_wconf 88' lang='lat' dir='ltr'><strong>der</strong></span> <span class='ocrx_word' id='word_1_78' title='bbox 801 630 909 657; x_wconf 75' lang='lat' dir='ltr'><strong>bereits</strong></span> <span class='ocrx_word' id='word_1_79' title='bbox 930 636 1135 665; x_wconf 80' lang='lat' dir='ltr'><strong>angezogenen</strong></span> <span class='ocrx_word' id='word_1_80' title='bbox 1153 627 1293 665; x_wconf 80' lang='lat' dir='ltr'><strong>Legenda</strong></span> <span class='ocrx_word' id='word_1_81' title='bbox 1312 630 1479 655; x_wconf 77' lang='lat' dir='ltr'><strong>sanctorum</strong></span> 
     </span>
     <span class='ocr_line' id='line_1_11' title="bbox 180 666 1478 703; baseline -0.002 -7"><span class='ocrx_word' id='word_1_82' title='bbox 180 678 238 697; x_wconf 91' lang='lat' dir='ltr'><strong>von</strong></span> <span class='ocrx_word' id='word_1_83' title='bbox 256 669 312 695; x_wconf 88' lang='lat' dir='ltr'><strong>Iac.</strong></span> <span class='ocrx_word' id='word_1_84' title='bbox 338 668 373 695; x_wconf 90' lang='lat' dir='ltr'><strong>de</strong></span> <span class='ocrx_word' id='word_1_85' title='bbox 392 669 539 703; x_wconf 82' lang='lat' dir='ltr'><strong>Voragine</strong></span> <span class='ocrx_word' id='word_1_86' title='bbox 557 667 645 694; x_wconf 85' lang='lat' dir='ltr'><strong>heisst</strong></span> <span class='ocrx_word' id='word_1_87' title='bbox 665 675 708 694; x_wconf 84' lang='lat' dir='ltr'><strong>cs:</strong></span> <span class='ocrx_word' id='word_1_88' title='bbox 732 666 822 702; x_wconf 80' lang='lat' dir='ltr'><strong>„Cum</strong></span> <span class='ocrx_word' id='word_1_89' title='bbox 845 676 911 703; x_wconf 80' lang='lat' dir='ltr'><strong>ergo</strong></span> <span class='ocrx_word' id='word_1_90' title='bbox 932 667 964 693; x_wconf 91' lang='lat' dir='ltr'><strong>in</strong></span> <span class='ocrx_word' id='word_1_91' title='bbox 983 666 1093 693; x_wconf 86' lang='lat' dir='ltr'><strong>Iudaea</strong></span> <span class='ocrx_word' id='word_1_92' title='bbox 1111 667 1233 694; x_wconf 86' lang='lat' dir='ltr'><strong>verbum</strong></span> <span class='ocrx_word' id='word_1_93' title='bbox 1255 666 1375 693; x_wconf 82' lang='lat' dir='ltr'><strong>Domini</strong></span> <span class='ocrx_word' id='word_1_94' title='bbox 1395 674 1478 701; x_wconf 85' lang='lat' dir='ltr'><strong>prae-</strong></span> 
     </span>
     <span class='ocr_line' id='line_1_12' title="bbox 180 702 1480 741; baseline -0.002 -8"><span class='ocrx_word' id='word_1_95' title='bbox 180 707 290 734; x_wconf 77' lang='lat' dir='ltr'><strong>dicaret</strong></span> <span class='ocrx_word' id='word_1_96' title='bbox 315 702 476 741; x_wconf 85' lang='lat' dir='ltr'><strong>[Iacobus]‚</strong></span> <span class='ocrx_word' id='word_1_97' title='bbox 503 713 604 741; x_wconf 81' lang='lat' dir='ltr'><strong>magus</strong></span> <span class='ocrx_word' id='word_1_98' title='bbox 625 705 743 739; x_wconf 86' lang='lat' dir='ltr'><strong>quidam</strong></span> <span class='ocrx_word' id='word_1_99' title='bbox 762 706 880 732; x_wconf 88' lang='lat' dir='ltr'><strong>nomine</strong></span> <span class='ocrx_word' id='word_1_100' title='bbox 899 704 1098 739; x_wconf 77' lang='lat' dir='ltr'>Hermogenes</span> <span class='ocrx_word' id='word_1_101' title='bbox 1119 712 1184 731; x_wconf 91' lang='lat' dir='ltr'><strong>cum</strong></span> <span class='ocrx_word' id='word_1_102' title='bbox 1207 704 1369 739; x_wconf 71' lang='lat' dir='ltr'><strong>pharisaeis</strong></span> <span class='ocrx_word' id='word_1_103' title='bbox 1390 704 1480 730; x_wconf 83' lang='lat' dir='ltr'><strong>disei-</strong></span> 
     </span>
     <span class='ocr_line' id='line_1_13' title="bbox 178 741 1478 779; baseline -0.002 -8"><span class='ocrx_word' id='word_1_104' title='bbox 178 745 278 779; x_wconf 85' lang='lat' dir='ltr'><strong>pulum</strong></span> <span class='ocrx_word' id='word_1_105' title='bbox 305 751 387 769; x_wconf 89' lang='lat' dir='ltr'><strong>suum</strong></span> <span class='ocrx_word' id='word_1_106' title='bbox 411 744 528 770; x_wconf 88' lang='lat' dir='ltr'><strong>nomine</strong></span> <span class='ocrx_word' id='word_1_107' title='bbox 555 742 700 770; x_wconf 84' lang='lat' dir='ltr'><strong>Philetum</strong></span> <span class='ocrx_word' id='word_1_108' title='bbox 721 742 758 769; x_wconf 88' lang='lat' dir='ltr'><strong>ad</strong></span> <span class='ocrx_word' id='word_1_109' title='bbox 776 743 916 770; x_wconf 84' lang='lat' dir='ltr'><strong>Iacobum</strong></span> <span class='ocrx_word' id='word_1_110' title='bbox 935 742 1028 774; x_wconf 81' lang='lat' dir='ltr'><strong>misit,</strong></span> <span class='ocrx_word' id='word_1_111' title='bbox 1058 745 1091 768; x_wconf 80' lang='lat' dir='ltr'><strong>ui:</strong></span> <span class='ocrx_word' id='word_1_112' title='bbox 1108 743 1204 777; x_wconf 87' lang='lat' dir='ltr'><strong>ipsum</strong></span> <span class='ocrx_word' id='word_1_113' title='bbox 1225 741 1358 769; x_wconf 82' lang='lat' dir='ltr'><strong>Philetus</strong></span> <span class='ocrx_word' id='word_1_114' title='bbox 1380 750 1478 768; x_wconf 86' lang='lat' dir='ltr'><strong>coram</strong></span> 
     </span>
     <span class='ocr_line' id='line_1_14' title="bbox 177 779 1476 815; baseline -0.001 -7"><span class='ocrx_word' id='word_1_115' title='bbox 177 782 293 809; x_wconf 82' lang='lat' dir='ltr'><strong>Iudaeis</strong></span> <span class='ocrx_word' id='word_1_116' title='bbox 319 781 513 814; x_wconf 78' lang='lat' dir='ltr'><strong>convinceret,</strong></span> <span class='ocrx_word' id='word_1_117' title='bbox 540 780 617 814; x_wconf 81' lang='lat' dir='ltr'><strong>quod</strong></span> <span class='ocrx_word' id='word_1_118' title='bbox 643 788 697 807; x_wconf 82' lang='lat' dir='ltr'><strong>sua</strong></span> <span class='ocrx_word' id='word_1_119' title='bbox 724 780 903 815; x_wconf 77' lang='lat' dir='ltr'><strong>praedicatio</strong></span> <span class='ocrx_word' id='word_1_120' title='bbox 930 779 1005 806; x_wconf 84' lang='lat' dir='ltr'><strong>falsa</strong></span> <span class='ocrx_word' id='word_1_121' title='bbox 1028 782 1114 806; x_wconf 79' lang='lat' dir='ltr'><strong>esset.</strong></span> <span class='ocrx_word' id='word_1_122' title='bbox 1155 779 1213 807; x_wconf 78' lang='lat' dir='ltr'><strong>Sed</strong></span> <span class='ocrx_word' id='word_1_123' title='bbox 1240 788 1306 807; x_wconf 86' lang='lat' dir='ltr'><strong>cum</strong></span> <span class='ocrx_word' id='word_1_124' title='bbox 1326 780 1476 814; x_wconf 72' lang='lat' dir='ltr'><strong>apostolus</strong></span> 
     </span>
     <span class='ocr_line' id='line_1_15' title="bbox 179 817 1478 846; baseline -0.002 0"><span class='ocrx_word' id='word_1_125' title='bbox 179 827 274 846; x_wconf 77' lang='lat' dir='ltr'><strong>coram</strong></span> <span class='ocrx_word' id='word_1_126' title='bbox 299 818 431 845; x_wconf 85' lang='lat' dir='ltr'><strong>omnibus</strong></span> <span class='ocrx_word' id='word_1_127' title='bbox 456 818 671 845; x_wconf 66' lang='lat' dir='ltr'><strong>rationabiliter</strong></span> <span class='ocrx_word' id='word_1_128' title='bbox 696 825 761 844; x_wconf 88' lang='lat' dir='ltr'><strong>eum</strong></span> <span class='ocrx_word' id='word_1_129' title='bbox 788 818 958 845; x_wconf 75' lang='lat' dir='ltr'><strong>convicissit</strong></span> <span class='ocrx_word' id='word_1_130' title='bbox 983 820 1013 844; x_wconf 85' lang='lat' dir='ltr'><strong>et</strong></span> <span class='ocrx_word' id='word_1_131' title='bbox 1038 817 1130 844; x_wconf 83' lang='lat' dir='ltr'><strong>multa</strong></span> <span class='ocrx_word' id='word_1_132' title='bbox 1155 825 1253 844; x_wconf 84' lang='lat' dir='ltr'><strong>coram</strong></span> <span class='ocrx_word' id='word_1_133' title='bbox 1281 825 1313 843; x_wconf 83' lang='lat' dir='ltr'><strong>eo</strong></span> <span class='ocrx_word' id='word_1_134' title='bbox 1334 817 1478 844; x_wconf 83' lang='lat' dir='ltr'><strong>miracula</strong></span> 
     </span>
     <span class='ocr_line' id='line_1_16' title="bbox 176 855 1477 890; baseline -0.001 -7"><span class='ocrx_word' id='word_1_135' title='bbox 176 857 298 888; x_wconf 72' lang='lat' dir='ltr'><strong>fecisset,</strong></span> <span class='ocrx_word' id='word_1_136' title='bbox 319 855 406 882; x_wconf 77' lang='lat' dir='ltr'><strong>rediit</strong></span> <span class='ocrx_word' id='word_1_137' title='bbox 426 855 558 882; x_wconf 76' lang='lat' dir='ltr'><strong>Philetus</strong></span> <span class='ocrx_word' id='word_1_138' title='bbox 579 855 615 881; x_wconf 74' lang='lat' dir='ltr'><strong>nd</strong></span> <span class='ocrx_word' id='word_1_139' title='bbox 630 855 841 890; x_wconf 81' lang='lat' dir='ltr'>Hermogenem</span> <span class='ocrx_word' id='word_1_140' title='bbox 863 855 1024 882; x_wconf 73' lang='lat' dir='ltr'><strong>doctrinam</strong></span> <span class='ocrx_word' id='word_1_141' title='bbox 1038 855 1139 882; x_wconf 87' lang='lat' dir='ltr'><strong>Iacobi</strong></span> <span class='ocrx_word' id='word_1_142' title='bbox 1160 855 1326 890; x_wconf 82' lang='lat' dir='ltr'><strong>adprobans</strong></span> <span class='ocrx_word' id='word_1_143' title='bbox 1349 857 1378 881; x_wconf 80' lang='lat' dir='ltr'><strong>et</strong></span> <span class='ocrx_word' id='word_1_144' title='bbox 1390 856 1477 882; x_wconf 87' lang='lat' dir='ltr'><strong>mira-</strong></span> 
     </span>
     <span class='ocr_line' id='line_1_17' title="bbox 177 891 1476 927; baseline -0.002 -6"><span class='ocrx_word' id='word_1_145' title='bbox 177 894 243 921; x_wconf 82' lang='lat' dir='ltr'><strong>cula</strong></span> <span class='ocrx_word' id='word_1_146' title='bbox 268 894 393 920; x_wconf 81' lang='lat' dir='ltr'><strong>recitans</strong></span> <span class='ocrx_word' id='word_1_147' title='bbox 418 901 453 920; x_wconf 87' lang='lat' dir='ltr'><strong>ac</strong></span> <span class='ocrx_word' id='word_1_148' title='bbox 480 894 542 920; x_wconf 85' lang='lat' dir='ltr'><strong>eius</strong></span> <span class='ocrx_word' id='word_1_149' title='bbox 568 892 744 927; x_wconf 78' lang='lat' dir='ltr'><strong>discipulum</strong></span> <span class='ocrx_word' id='word_1_150' title='bbox 768 901 799 919; x_wconf 89' lang='lat' dir='ltr'><strong>se</strong></span> <span class='ocrx_word' id='word_1_151' title='bbox 824 893 901 920; x_wconf 87' lang='lat' dir='ltr'><strong>velle</strong></span> <span class='ocrx_word' id='word_1_152' title='bbox 925 891 988 919; x_wconf 90' lang='lat' dir='ltr'><strong>fieri</strong></span> <span class='ocrx_word' id='word_1_153' title='bbox 1015 895 1182 920; x_wconf 85' lang='lat' dir='ltr'><strong>contestans</strong></span> <span class='ocrx_word' id='word_1_154' title='bbox 1204 911 1359 918; x_wconf 76' lang='grc'>......</span> <span class='ocrx_word' id='word_1_155' title='bbox 1378 893 1476 919; x_wconf 75' lang='lat' dir='ltr'><strong>hat-us</strong></span> 
     </span>
     <span class='ocr_line' id='line_1_18' title="bbox 176 930 1476 966; baseline -0.001 -8"><span class='ocrx_word' id='word_1_156' title='bbox 176 932 373 966; x_wconf 81' lang='lat' dir='ltr'>Hermogenes</span> <span class='ocrx_word' id='word_1_157' title='bbox 393 930 546 958; x_wconf 87' lang='lat' dir='ltr'><strong>daemones</strong></span> <span class='ocrx_word' id='word_1_158' title='bbox 568 930 721 957; x_wconf 75' lang='lat' dir='ltr'><strong>advocavit</strong></span> <span class='ocrx_word' id='word_1_159' title='bbox 740 931 929 966; x_wconf 80' lang='lat' dir='ltr'><strong>praecipiens,</strong></span> <span class='ocrx_word' id='word_1_160' title='bbox 950 932 983 956; x_wconf 82' lang='lat' dir='ltr'><strong>ut</strong></span> <span class='ocrx_word' id='word_1_161' title='bbox 1004 931 1100 965; x_wconf 83' lang='lat' dir='ltr'><strong>ipsum</strong></span> <span class='ocrx_word' id='word_1_162' title='bbox 1113 930 1253 957; x_wconf 83' lang='lat' dir='ltr'><strong>Iacobum</strong></span> <span class='ocrx_word' id='word_1_163' title='bbox 1267 930 1398 956; x_wconf 76' lang='lat' dir='ltr'><strong>vinetum</strong></span> <span class='ocrx_word' id='word_1_164' title='bbox 1410 939 1476 957; x_wconf 86' lang='lat' dir='ltr'><strong>cum</strong></span> 
     </span>
     <span class='ocr_line' id='line_1_19' title="bbox 178 967 1475 996; baseline -0.001 0"><span class='ocrx_word' id='word_1_165' title='bbox 178 969 292 996; x_wconf 73' lang='lat' dir='ltr'><strong>Phileto</strong></span> <span class='ocrx_word' id='word_1_166' title='bbox 321 967 465 994; x_wconf 74' lang='lat' dir='ltr'><strong>adducant</strong></span> <span class='ocrx_word' id='word_1_167' title='bbox 489 990 492 993; x_wconf 97' lang='lat'>.</span> <span class='ocrx_word' id='word_1_168' title='bbox 516 990 519 993; x_wconf 97' lang='lat'>.</span> <span class='ocrx_word' id='word_1_169' title='bbox 543 990 549 993; x_wconf 96' lang='lat'>.</span> <span class='ocrx_word' id='word_1_170' title='bbox 573 967 732 994; x_wconf 81' lang='lat' dir='ltr'><strong>Venientes</strong></span> <span class='ocrx_word' id='word_1_171' title='bbox 757 970 854 995; x_wconf 61' lang='lat' dir='ltr'><strong>aufem</strong></span> <span class='ocrx_word' id='word_1_172' title='bbox 879 968 1033 995; x_wconf 84' lang='lat' dir='ltr'><strong>daemones</strong></span> <span class='ocrx_word' id='word_1_173' title='bbox 1054 968 1091 994; x_wconf 85' lang='lat' dir='ltr'><strong>ad</strong></span> <span class='ocrx_word' id='word_1_174' title='bbox 1110 968 1250 995; x_wconf 83' lang='lat' dir='ltr'><strong>Iacobum</strong></span> <span class='ocrx_word' id='word_1_175' title='bbox 1271 968 1303 994; x_wconf 88' lang='lat' dir='ltr'><strong>in</strong></span> <span class='ocrx_word' id='word_1_176' title='bbox 1323 976 1391 995; x_wconf 85' lang='lat' dir='ltr'><strong>aere</strong></span> <span class='ocrx_word' id='word_1_177' title='bbox 1410 968 1475 995; x_wconf 84' lang='lat' dir='ltr'><strong>ulu-</strong></span> 
     </span>
     <span class='ocr_line' id='line_1_20' title="bbox 177 1005 1476 1040; baseline 0 -7"><span class='ocrx_word' id='word_1_178' title='bbox 177 1006 238 1033; x_wconf 86' lang='lat' dir='ltr'><strong>lare</strong></span> <span class='ocrx_word' id='word_1_179' title='bbox 258 1008 415 1040; x_wconf 78' lang='lat' dir='ltr'><strong>coeperunt</strong></span> <span class='ocrx_word' id='word_1_180' title='bbox 433 1005 573 1033; x_wconf 82' lang='lat' dir='ltr'><strong>dicentes:</strong></span> <span class='ocrx_word' id='word_1_181' title='bbox 600 1005 714 1037; x_wconf 85' lang='lat' dir='ltr'><strong>Iacobe,</strong></span> <span class='ocrx_word' id='word_1_182' title='bbox 735 1005 867 1040; x_wconf 78' lang='lat' dir='ltr'><strong>apostole</strong></span> <span class='ocrx_word' id='word_1_183' title='bbox 886 1005 951 1037; x_wconf 85' lang='lat' dir='ltr'><strong>Dei,</strong></span> <span class='ocrx_word' id='word_1_184' title='bbox 972 1006 1110 1032; x_wconf 86' lang='lat' dir='ltr'><strong>miserere</strong></span> <span class='ocrx_word' id='word_1_185' title='bbox 1129 1006 1223 1038; x_wconf 90' lang='lat' dir='ltr'><strong>nobis,</strong></span> <span class='ocrx_word' id='word_1_186' title='bbox 1246 1006 1297 1040; x_wconf 82' lang='lat' dir='ltr'><strong>qui</strong></span> <span class='ocrx_word' id='word_1_187' title='bbox 1318 1008 1476 1040; x_wconf 80' lang='lat' dir='ltr'><strong>antequam</strong></span> 
     </span>
     <span class='ocr_line' id='line_1_21' title="bbox 177 1042 1474 1079; baseline 0 -9"><span class='ocrx_word' id='word_1_188' title='bbox 177 1046 288 1079; x_wconf 77' lang='lat' dir='ltr'><strong>tempus</strong></span> <span class='ocrx_word' id='word_1_189' title='bbox 308 1044 439 1069; x_wconf 77' lang='lat' dir='ltr'><strong>nostrum</strong></span> <span class='ocrx_word' id='word_1_190' title='bbox 459 1043 583 1076; x_wconf 71' lang='lat' dir='ltr'><strong>advenit,</strong></span> <span class='ocrx_word' id='word_1_191' title='bbox 604 1044 662 1069; x_wconf 86' lang='lat' dir='ltr'><strong>iam</strong></span> <span class='ocrx_word' id='word_1_192' title='bbox 683 1042 824 1069; x_wconf 82' lang='lat' dir='ltr'><strong>ardemus.</strong></span> <span class='ocrx_word' id='word_1_193' title='bbox 861 1043 972 1076; x_wconf 78' lang='lat' dir='ltr'><strong>Quibus</strong></span> <span class='ocrx_word' id='word_1_194' title='bbox 992 1042 1116 1070; x_wconf 84' lang='lat' dir='ltr'><strong>Iacobus</strong></span> <span class='ocrx_word' id='word_1_195' title='bbox 1132 1044 1186 1070; x_wconf 76' lang='lat' dir='ltr'><strong>ait:</strong></span> <span class='ocrx_word' id='word_1_196' title='bbox 1210 1043 1252 1070; x_wconf 73' lang='lat' dir='ltr'><strong>Ut</strong></span> <span class='ocrx_word' id='word_1_197' title='bbox 1265 1042 1336 1078; x_wconf 87' lang='lat' dir='ltr'><strong>quid</strong></span> <span class='ocrx_word' id='word_1_198' title='bbox 1349 1045 1474 1070; x_wconf 75' lang='lat' dir='ltr'><strong>venistis</strong></span> 
     </span>
     <span class='ocr_line' id='line_1_22' title="bbox 177 1079 1474 1116; baseline 0.001 -9"><span class='ocrx_word' id='word_1_199' title='bbox 177 1081 213 1107; x_wconf 82' lang='lat' dir='ltr'><strong>ad</strong></span> <span class='ocrx_word' id='word_1_200' title='bbox 239 1086 303 1107; x_wconf 67' lang='lat' dir='ltr'><strong>me!</strong></span> <span class='ocrx_word' id='word_1_201' title='bbox 331 1081 386 1113; x_wconf 70' lang='lat' dir='ltr'><strong>Qui</strong></span> <span class='ocrx_word' id='word_1_202' title='bbox 412 1080 560 1107; x_wconf 69' lang='lat' dir='ltr'><strong>dixerunt:</strong></span> <span class='ocrx_word' id='word_1_203' title='bbox 588 1079 786 1115; x_wconf 82' lang='lat' dir='ltr'><strong>Hermogenes</strong></span> <span class='ocrx_word' id='word_1_204' title='bbox 806 1081 888 1107; x_wconf 78' lang='lat' dir='ltr'><strong>misit</strong></span> <span class='ocrx_word' id='word_1_205' title='bbox 905 1088 973 1112; x_wconf 78' lang='grc'><strong>1105,</strong></span> <span class='ocrx_word' id='word_1_206' title='bbox 1001 1083 1035 1107; x_wconf 77' lang='lat' dir='ltr'><strong>ut</strong></span> <span class='ocrx_word' id='word_1_207' title='bbox 1053 1083 1082 1107; x_wconf 77' lang='lat' dir='ltr'><strong>te</strong></span> <span class='ocrx_word' id='word_1_208' title='bbox 1103 1083 1131 1107; x_wconf 77' lang='lat' dir='ltr'><strong>et</strong></span> <span class='ocrx_word' id='word_1_209' title='bbox 1150 1080 1298 1108; x_wconf 62' lang='lat' dir='ltr'><strong>Philebum</strong></span> <span class='ocrx_word' id='word_1_210' title='bbox 1319 1081 1356 1107; x_wconf 86' lang='lat' dir='ltr'><strong>ad</strong></span> <span class='ocrx_word' id='word_1_211' title='bbox 1377 1082 1474 1116; x_wconf 83' lang='lat' dir='ltr'><strong>ipsum</strong></span> 
     </span>
     <span class='ocr_line' id='line_1_23' title="bbox 177 1115 1474 1155; baseline 0.001 -10"><span class='ocrx_word' id='word_1_212' title='bbox 177 1118 355 1150; x_wconf 68' lang='lat' dir='ltr'><strong>duceremus3</strong></span> <span class='ocrx_word' id='word_1_213' title='bbox 388 1117 437 1144; x_wconf 78' lang='lat' dir='ltr'><strong>sed</strong></span> <span class='ocrx_word' id='word_1_214' title='bbox 461 1126 528 1144; x_wconf 79' lang='lat' dir='ltr'><strong>mox</strong></span> <span class='ocrx_word' id='word_1_215' title='bbox 553 1121 585 1145; x_wconf 74' lang='lat' dir='ltr'><strong>ut</strong></span> <span class='ocrx_word' id='word_1_216' title='bbox 609 1117 646 1144; x_wconf 87' lang='lat' dir='ltr'><strong>ad</strong></span> <span class='ocrx_word' id='word_1_217' title='bbox 667 1119 696 1144; x_wconf 82' lang='lat' dir='ltr'><strong>te</strong></span> <span class='ocrx_word' id='word_1_218' title='bbox 715 1118 861 1151; x_wconf 84' lang='lat' dir='ltr'><strong>venimus,</strong></span> <span class='ocrx_word' id='word_1_219' title='bbox 888 1115 1009 1153; x_wconf 84' lang='lat' dir='ltr'><strong>angelus</strong></span> <span class='ocrx_word' id='word_1_220' title='bbox 1029 1118 1150 1145; x_wconf 88' lang='lat' dir='ltr'><strong>Domini</strong></span> <span class='ocrx_word' id='word_1_221' title='bbox 1171 1127 1224 1145; x_wconf 86' lang='lat' dir='ltr'><strong>nos</strong></span> <span class='ocrx_word' id='word_1_222' title='bbox 1246 1120 1358 1145; x_wconf 81' lang='lat' dir='ltr'><strong>catenis</strong></span> <span class='ocrx_word' id='word_1_223' title='bbox 1379 1120 1474 1155; x_wconf 82' lang='lat' dir='ltr'><strong>igneis</strong></span> 
     </span>
     <span class='ocr_line' id='line_1_24' title="bbox 177 1152 1475 1190; baseline 0.001 -8"><span class='ocrx_word' id='word_1_224' title='bbox 177 1156 314 1190; x_wconf 80' lang='lat' dir='ltr'><strong>religavit</strong></span> <span class='ocrx_word' id='word_1_225' title='bbox 332 1156 361 1181; x_wconf 85' lang='lat' dir='ltr'><strong>et</strong></span> <span class='ocrx_word' id='word_1_226' title='bbox 379 1155 535 1189; x_wconf 87' lang='lat' dir='ltr'><strong>plurimum</strong></span> <span class='ocrx_word' id='word_1_227' title='bbox 549 1152 738 1182; x_wconf 73' lang='lat' dir='ltr'><strong>crucimnur“.</strong></span> <span class='ocrx_word' id='word_1_228' title='bbox 752 1169 788 1173; x_wconf 91' lang='lat'><strong>—</strong></span> <span class='ocrx_word' id='word_1_229' title='bbox 802 1156 876 1182; x_wconf 80' lang='lat' dir='ltr'><strong>Hier</strong></span> <span class='ocrx_word' id='word_1_230' title='bbox 890 1157 964 1182; x_wconf 80' lang='lat' dir='ltr'><strong>setzt</strong></span> <span class='ocrx_word' id='word_1_231' title='bbox 978 1155 1010 1181; x_wconf 91' lang='lat' dir='ltr'><strong>in</strong></span> <span class='ocrx_word' id='word_1_232' title='bbox 1023 1164 1158 1183; x_wconf 85' lang='lat' dir='ltr'><strong>nnserem</strong></span> <span class='ocrx_word' id='word_1_233' title='bbox 1173 1156 1309 1190; x_wconf 81' lang='lat' dir='ltr'><strong>Hymnus</strong></span> <span class='ocrx_word' id='word_1_234' title='bbox 1325 1156 1401 1183; x_wconf 85' lang='lat' dir='ltr'><strong>Vers</strong></span> <span class='ocrx_word' id='word_1_235' title='bbox 1414 1155 1442 1190; x_wconf 88' lang='lat'><strong>4,</strong></span> <span class='ocrx_word' id='word_1_236' title='bbox 1457 1154 1475 1183; x_wconf 82' lang='lat'><strong>3</strong></span> 
     </span>
     <span class='ocr_line' id='line_1_25' title="bbox 176 1190 1476 1227; baseline 0.001 -7"><span class='ocrx_word' id='word_1_237' title='bbox 176 1194 231 1220; x_wconf 86' lang='lat' dir='ltr'><strong>ein.</strong></span> <span class='ocrx_word' id='word_1_238' title='bbox 246 1206 283 1210; x_wconf 89' lang='lat'>—</span> <span class='ocrx_word' id='word_1_239' title='bbox 302 1192 378 1227; x_wconf 85' lang='lat' dir='ltr'><strong>(Vgl.</strong></span> <span class='ocrx_word' id='word_1_240' title='bbox 398 1192 535 1227; x_wconf 75' lang='lat' dir='ltr'><strong>iibrigens</strong></span> <span class='ocrx_word' id='word_1_241' title='bbox 556 1193 606 1219; x_wconf 73' lang='lat' dir='ltr'><strong>das</strong></span> <span class='ocrx_word' id='word_1_242' title='bbox 627 1191 837 1219; x_wconf 76' lang='lat' dir='ltr'><strong>Reimofficium</strong></span> <span class='ocrx_word' id='word_1_243' title='bbox 859 1193 894 1220; x_wconf 91' lang='lat' dir='ltr'><strong>de</strong></span> <span class='ocrx_word' id='word_1_244' title='bbox 914 1201 937 1219; x_wconf 81' lang='lat' dir='ltr'><strong>s.</strong></span> <span class='ocrx_word' id='word_1_245' title='bbox 952 1190 1057 1220; x_wconf 85' lang='lat' dir='ltr'><strong>Iacobo</strong></span> <span class='ocrx_word' id='word_1_246' title='bbox 1073 1194 1156 1220; x_wconf 85' lang='lat' dir='ltr'><strong>Anal.</strong></span> <span class='ocrx_word' id='word_1_247' title='bbox 1172 1193 1280 1226; x_wconf 83' lang='lat' dir='ltr'>XXVI,</span> <span class='ocrx_word' id='word_1_248' title='bbox 1302 1194 1353 1221; x_wconf 90' lang='lat' dir='ltr'><strong>Nr.</strong></span> <span class='ocrx_word' id='word_1_249' title='bbox 1367 1192 1427 1227; x_wconf 87' lang='lat'>44.)</span> <span class='ocrx_word' id='word_1_250' title='bbox 1440 1211 1476 1214; x_wconf 97' lang='lat'><strong>—</strong></span> 
     </span>
     <span class='ocr_line' id='line_1_26' title="bbox 175 1228 1473 1266; baseline 0.001 -9"><span class='ocrx_word' id='word_1_251' title='bbox 175 1229 201 1262; x_wconf 87' lang='lat'><strong>5,</strong></span> <span class='ocrx_word' id='word_1_252' title='bbox 217 1228 234 1256; x_wconf 82' lang='lat'>2</span> <span class='ocrx_word' id='word_1_253' title='bbox 254 1229 327 1256; x_wconf 86' lang='lat' dir='ltr'><strong>Dira</strong></span> <span class='ocrx_word' id='word_1_254' title='bbox 346 1229 459 1256; x_wconf 84' lang='lat' dir='ltr'><strong>resolve</strong></span> <span class='ocrx_word' id='word_1_255' title='bbox 477 1232 526 1260; x_wconf 83' lang='lat' dir='ltr'><strong>(se.</strong></span> <span class='ocrx_word' id='word_1_256' title='bbox 548 1231 619 1263; x_wconf 86' lang='lat' dir='ltr'><strong>eos);</strong></span> <span class='ocrx_word' id='word_1_257' title='bbox 641 1229 709 1256; x_wconf 74' lang='lat' dir='ltr'><strong>odor</strong></span> <span class='ocrx_word' id='word_1_258' title='bbox 725 1238 755 1257; x_wconf 88' lang='lat' dir='ltr'><strong>es</strong></span> <span class='ocrx_word' id='word_1_259' title='bbox 771 1231 812 1257; x_wconf 83' lang='lat' dir='ltr'><strong>ist</strong></span> <span class='ocrx_word' id='word_1_260' title='bbox 823 1239 860 1257; x_wconf 84' lang='lat' dir='ltr'><strong>zu</strong></span> <span class='ocrx_word' id='word_1_261' title='bbox 872 1231 966 1258; x_wconf 85' lang='lat' dir='ltr'><strong>lesen:</strong></span> <span class='ocrx_word' id='word_1_262' title='bbox 987 1230 1089 1257; x_wconf 85' lang='lat' dir='ltr'><strong>Diram</strong></span> <span class='ocrx_word' id='word_1_263' title='bbox 1103 1232 1219 1266; x_wconf 85' lang='lat' dir='ltr'><strong>igneam</strong></span> <span class='ocrx_word' id='word_1_264' title='bbox 1234 1233 1367 1259; x_wconf 82' lang='lat' dir='ltr'><strong>catenam</strong></span> <span class='ocrx_word' id='word_1_265' title='bbox 1385 1233 1473 1259; x_wconf 84' lang='lat' dir='ltr'><strong>bezw.</strong></span> 
     </span>
     <span class='ocr_line' id='line_1_27' title="bbox 175 1264 1475 1304; baseline 0.002 -10"><span class='ocrx_word' id='word_1_266' title='bbox 175 1268 253 1294; x_wconf 84' lang='lat' dir='ltr'><strong>diras</strong></span> <span class='ocrx_word' id='word_1_267' title='bbox 274 1269 326 1293; x_wconf 85' lang='lat' dir='ltr'><strong>etc.</strong></span> <span class='ocrx_word' id='word_1_268' title='bbox 346 1280 383 1284; x_wconf 90' lang='lat'>—</span> <span class='ocrx_word' id='word_1_269' title='bbox 404 1265 429 1299; x_wconf 83' lang='lat'><strong>5,</strong></span> <span class='ocrx_word' id='word_1_270' title='bbox 451 1264 468 1294; x_wconf 81' lang='lat'><strong>3</strong></span> <span class='ocrx_word' id='word_1_271' title='bbox 487 1269 615 1295; x_wconf 82' lang='lat' dir='ltr'><strong>nocente.</strong></span> <span class='ocrx_word' id='word_1_272' title='bbox 643 1282 672 1287; x_wconf 86' lang='lat'><strong>—</strong></span> <span class='ocrx_word' id='word_1_273' title='bbox 692 1265 717 1297; x_wconf 81' lang='lat'><strong>6,</strong></span> <span class='ocrx_word' id='word_1_274' title='bbox 739 1266 754 1294; x_wconf 88' lang='lat'>1</span> <span class='ocrx_word' id='word_1_275' title='bbox 777 1269 860 1295; x_wconf 88' lang='lat' dir='ltr'><strong>iussu</strong></span> <span class='ocrx_word' id='word_1_276' title='bbox 880 1269 1012 1304; x_wconf 82' lang='lat' dir='ltr'><strong>protinus</strong></span> <span class='ocrx_word' id='word_1_277' title='bbox 1033 1272 1228 1296; x_wconf 80' lang='lat' dir='ltr'><strong>occurrerunt.</strong></span> <span class='ocrx_word' id='word_1_278' title='bbox 1249 1283 1286 1287; x_wconf 88' lang='lat'>—</span> <span class='ocrx_word' id='word_1_279' title='bbox 1307 1267 1332 1302; x_wconf 85' lang='lat'><strong>6,</strong></span> <span class='ocrx_word' id='word_1_280' title='bbox 1352 1267 1369 1297; x_wconf 78' lang='lat'>3</span> <span class='ocrx_word' id='word_1_281' title='bbox 1390 1270 1475 1297; x_wconf 86' lang='lat' dir='ltr'><strong>dimi-</strong></span> 
     </span>
     <span class='ocr_line' id='line_1_28' title="bbox 177 1301 1478 1342; baseline 0.002 -10"><span class='ocrx_word' id='word_1_282' title='bbox 177 1308 284 1332; x_wconf 80' lang='lat' dir='ltr'><strong>centur.</strong></span> <span class='ocrx_word' id='word_1_283' title='bbox 304 1318 340 1323; x_wconf 83' lang='lat'><strong>-—</strong></span> <span class='ocrx_word' id='word_1_284' title='bbox 360 1301 386 1334; x_wconf 73' lang='grc' dir='ltr'><strong>ὅ,</strong></span> <span class='ocrx_word' id='word_1_285' title='bbox 406 1303 426 1331; x_wconf 79' lang='lat'>4</span> <span class='ocrx_word' id='word_1_286' title='bbox 445 1307 616 1332; x_wconf 62' lang='lat' dir='ltr'><strong>crucientur.</strong></span> <span class='ocrx_word' id='word_1_287' title='bbox 648 1320 651 1323; x_wconf 98' lang='lat'>-</span> <span class='ocrx_word' id='word_1_288' title='bbox 693 1303 890 1342; x_wconf 56' lang='lat' dir='ltr'><strong>Nachndieser</strong></span> <span class='ocrx_word' id='word_1_289' title='bbox 909 1305 1034 1341; x_wconf 75' lang='lat' dir='ltr'><strong>Strophe</strong></span> <span class='ocrx_word' id='word_1_290' title='bbox 1053 1307 1093 1333; x_wconf 78' lang='lat' dir='ltr'><strong>ist</strong></span> <span class='ocrx_word' id='word_1_291' title='bbox 1111 1307 1216 1333; x_wconf 69' lang='lat' dir='ltr'><strong>hochst</strong></span> <span class='ocrx_word' id='word_1_292' title='bbox 1235 1307 1478 1334; x_wconf 83' lang='lat' dir='ltr'><strong>wahrscheinlich</strong></span> 
     </span>
     <span class='ocr_line' id='line_1_29' title="bbox 176 1342 1477 1380; baseline 0.002 -11"><span class='ocrx_word' id='word_1_293' title='bbox 176 1342 282 1369; x_wconf 86' lang='lat' dir='ltr'><strong>wieder</strong></span> <span class='ocrx_word' id='word_1_294' title='bbox 302 1343 367 1368; x_wconf 88' lang='lat' dir='ltr'><strong>eine</strong></span> <span class='ocrx_word' id='word_1_295' title='bbox 385 1342 493 1373; x_wconf 75' lang='lat' dir='ltr'><strong>Liicke‚</strong></span> <span class='ocrx_word' id='word_1_296' title='bbox 517 1351 576 1370; x_wconf 82' lang='lat' dir='ltr'><strong>was</strong></span> <span class='ocrx_word' id='word_1_297' title='bbox 598 1342 644 1369; x_wconf 87' lang='lat' dir='ltr'><strong>ich</strong></span> <span class='ocrx_word' id='word_1_298' title='bbox 665 1342 755 1369; x_wconf 81' lang='lat' dir='ltr'><strong>durch</strong></span> <span class='ocrx_word' id='word_1_299' title='bbox 770 1343 1013 1379; x_wconf 80' lang='lat' dir='ltr'><strong>Uberspringung</strong></span> <span class='ocrx_word' id='word_1_300' title='bbox 1033 1344 1113 1371; x_wconf 85' lang='lat' dir='ltr'><strong>einer</strong></span> <span class='ocrx_word' id='word_1_301' title='bbox 1127 1343 1406 1380; x_wconf 79' lang='lat' dir='ltr'><strong>Strophennum&#39;mer</strong></span> <span class='ocrx_word' id='word_1_302' title='bbox 1426 1354 1477 1373; x_wconf 90' lang='lat' dir='ltr'><strong>an-</strong></span> 
     </span>
     <span class='ocr_line' id='line_1_30' title="bbox 177 1376 1476 1418; baseline 0.003 -12"><span class='ocrx_word' id='word_1_303' title='bbox 177 1379 269 1407; x_wconf 80' lang='lat' dir='ltr'><strong>deute.</strong></span> <span class='ocrx_word' id='word_1_304' title='bbox 290 1395 326 1398; x_wconf 97' lang='lat'><strong>—</strong></span> <span class='ocrx_word' id='word_1_305' title='bbox 346 1378 372 1411; x_wconf 77' lang='grc'><strong>8,</strong></span> <span class='ocrx_word' id='word_1_306' title='bbox 387 1376 404 1405; x_wconf 82' lang='lat'><strong>3</strong></span> <span class='ocrx_word' id='word_1_307' title='bbox 424 1380 559 1415; x_wconf 79' lang='lat' dir='ltr'><strong>negabas.</strong></span> <span class='ocrx_word' id='word_1_308' title='bbox 577 1394 612 1399; x_wconf 77' lang='lat'><strong>-—-</strong></span> <span class='ocrx_word' id='word_1_309' title='bbox 628 1378 670 1413; x_wconf 82' lang='lat'><strong>10,</strong></span> <span class='ocrx_word' id='word_1_310' title='bbox 686 1377 703 1405; x_wconf 86' lang='lat'><strong>2</strong></span> <span class='ocrx_word' id='word_1_311' title='bbox 714 1388 757 1415; x_wconf 82' lang='lat' dir='ltr'><strong>sq.</strong></span> <span class='ocrx_word' id='word_1_312' title='bbox 774 1381 849 1408; x_wconf 84' lang='lat' dir='ltr'><strong>collo</strong></span> <span class='ocrx_word' id='word_1_313' title='bbox 863 1381 928 1408; x_wconf 85' lang='lat' dir='ltr'><strong>fane</strong></span> <span class='ocrx_word' id='word_1_314' title='bbox 943 1383 1084 1408; x_wconf 77' lang='lat' dir='ltr'><strong>tractatus</strong></span> <span class='ocrx_word' id='word_1_315' title='bbox 1103 1382 1267 1418; x_wconf 76' lang='lat' dir='ltr'><strong>colligatus.</strong></span> <span class='ocrx_word' id='word_1_316' title='bbox 1300 1382 1476 1411; x_wconf 79' lang='lat' dir='ltr'><strong>Vielleicht:</strong></span> 
     </span>
     <span class='ocr_line' id='line_1_31' title="bbox 175 1415 1479 1457; baseline 0.005 -14"><span class='ocrx_word' id='word_1_317' title='bbox 175 1417 242 1444; x_wconf 82' lang='lat' dir='ltr'><strong>fune</strong></span> <span class='ocrx_word' id='word_1_318' title='bbox 261 1418 401 1442; x_wconf 74' lang='lat' dir='ltr'><strong>tractatur</strong></span> <span class='ocrx_word' id='word_1_319' title='bbox 421 1417 527 1451; x_wconf 69' lang='lat' dir='ltr'><strong>ligatus</strong></span> <span class='ocrx_word' id='word_1_320' title='bbox 545 1415 549 1453; x_wconf 82' lang='lat' dir='ltr'><strong>l</strong></span> <span class='ocrx_word' id='word_1_321' title='bbox 567 1417 624 1444; x_wconf 87' lang='lat' dir='ltr'><strong>Hic</strong></span> <span class='ocrx_word' id='word_1_322' title='bbox 644 1417 680 1443; x_wconf 87' lang='lat' dir='ltr'><strong>ad</strong></span> <span class='ocrx_word' id='word_1_323' title='bbox 702 1418 866 1445; x_wconf 84' lang='lat' dir='ltr'><strong>Herodem?</strong></span> <span class='ocrx_word' id='word_1_324' title='bbox 879 1433 916 1436; x_wconf 97' lang='lat'><strong>—</strong></span> <span class='ocrx_word' id='word_1_325' title='bbox 935 1415 977 1451; x_wconf 83' lang='lat'><strong>10,</strong></span> <span class='ocrx_word' id='word_1_326' title='bbox 993 1415 1008 1445; x_wconf 62' lang='grc' dir='ltr'>ὅ</span> <span class='ocrx_word' id='word_1_327' title='bbox 1030 1418 1204 1447; x_wconf 84' lang='lat' dir='ltr'><strong>Lorenzana</strong></span> <span class='ocrx_word' id='word_1_328' title='bbox 1217 1420 1360 1448; x_wconf 79' lang='lat' dir='ltr'><strong>schreibt:</strong></span> <span class='ocrx_word' id='word_1_329' title='bbox 1382 1423 1479 1457; x_wconf 80' lang='lat' dir='ltr'><strong>capite</strong></span> 
     </span>
     <span class='ocr_line' id='line_1_32' title="bbox 175 1453 1477 1493; baseline 0.004 -12"><span class='ocrx_word' id='word_1_330' title='bbox 175 1454 324 1489; x_wconf 70' lang='lat' dir='ltr'><strong>plectitur3</strong></span> <span class='ocrx_word' id='word_1_331' title='bbox 346 1453 423 1480; x_wconf 86' lang='lat' dir='ltr'><strong>daun</strong></span> <span class='ocrx_word' id='word_1_332' title='bbox 442 1454 516 1481; x_wconf 85' lang='lat' dir='ltr'><strong>doch</strong></span> <span class='ocrx_word' id='word_1_333' title='bbox 536 1454 714 1490; x_wconf 75' lang='lat' dir='ltr'><strong>notwendig:</strong></span> <span class='ocrx_word' id='word_1_334' title='bbox 736 1456 887 1490; x_wconf 75' lang='lat' dir='ltr'><strong>plectatur.</strong></span> <span class='ocrx_word' id='word_1_335' title='bbox 926 1456 1004 1482; x_wconf 73' lang='lat' dir='ltr'><strong>Aber</strong></span> <span class='ocrx_word' id='word_1_336' title='bbox 1024 1459 1141 1491; x_wconf 77' lang='lat' dir='ltr'><strong>pectare</strong></span> <span class='ocrx_word' id='word_1_337' title='bbox 1158 1460 1230 1484; x_wconf 72' lang='lat' dir='ltr'><strong>staffl:</strong></span> <span class='ocrx_word' id='word_1_338' title='bbox 1244 1459 1477 1493; x_wconf 76' lang='lat' dir='ltr'><strong>pactare=sol-</strong></span> 
     </span>
     <span class='ocr_line' id='line_1_33' title="bbox 175 1490 1476 1531; baseline 0.003 -13"><span class='ocrx_word' id='word_1_339' title='bbox 175 1499 250 1523; x_wconf 64' lang='lat' dir='ltr'><strong>vero,</strong></span> <span class='ocrx_word' id='word_1_340' title='bbox 271 1490 351 1518; x_wconf 86' lang='lat' dir='ltr'><strong>luere</strong></span> <span class='ocrx_word' id='word_1_341' title='bbox 370 1491 410 1517; x_wconf 80' lang='lat' dir='ltr'><strong>ist</strong></span> <span class='ocrx_word' id='word_1_342' title='bbox 423 1491 498 1518; x_wconf 67' lang='lat' dir='ltr'><strong>nach</strong></span> <span class='ocrx_word' id='word_1_343' title='bbox 513 1492 562 1519; x_wconf 88' lang='lat' dir='ltr'><strong>Du</strong></span> <span class='ocrx_word' id='word_1_344' title='bbox 579 1491 675 1525; x_wconf 68' lang='lat' dir='ltr'><strong>Gange</strong></span> <span class='ocrx_word' id='word_1_345' title='bbox 689 1493 720 1518; x_wconf 84' lang='lat' dir='ltr'><strong>in</strong></span> <span class='ocrx_word' id='word_1_346' title='bbox 736 1493 785 1519; x_wconf 69' lang='lat' dir='ltr'><strong>cler</strong></span> <span class='ocrx_word' id='word_1_347' title='bbox 800 1493 897 1520; x_wconf 88' lang='lat' dir='ltr'><strong>media</strong></span> <span class='ocrx_word' id='word_1_348' title='bbox 909 1494 1043 1520; x_wconf 77' lang='lat' dir='ltr'><strong>latinitas</strong></span> <span class='ocrx_word' id='word_1_349' title='bbox 1058 1494 1249 1522; x_wconf 84' lang='lat' dir='ltr'><strong>hinreichend</strong></span> <span class='ocrx_word' id='word_1_350' title='bbox 1264 1495 1375 1531; x_wconf 74' lang='lat' dir='ltr'><strong>belegt3</strong></span> <span class='ocrx_word' id='word_1_351' title='bbox 1396 1497 1476 1524; x_wconf 86' lang='lat' dir='ltr'><strong>also:</strong></span> 
     </span>
    </p>
   </div>
   <div class='ocr_carea' id='block_1_4' title="bbox 173 1528 1478 1668">
    <p class='ocr_par' dir='ltr' id='par_1_5' title="bbox 173 1528 1478 1668">
     <span class='ocr_line' id='line_1_34' title="bbox 177 1528 1476 1568; baseline 0.005 -13"><span class='ocrx_word' id='word_1_352' title='bbox 177 1529 249 1563; x_wconf 75' lang='lat' dir='ltr'><strong>„Mit</strong></span> <span class='ocrx_word' id='word_1_353' title='bbox 278 1528 341 1554; x_wconf 66' lang='lat' dir='ltr'><strong>dvm</strong></span> <span class='ocrx_word' id='word_1_354' title='bbox 368 1528 462 1564; x_wconf 87' lang='lat' dir='ltr'><strong>Kopfe</strong></span> <span class='ocrx_word' id='word_1_355' title='bbox 489 1529 562 1557; x_wconf 89' lang='lat' dir='ltr'><strong>muss</strong></span> <span class='ocrx_word' id='word_1_356' title='bbox 587 1529 713 1564; x_wconf 68' lang='lat' dir='ltr'><strong>gesiihnt</strong></span> <span class='ocrx_word' id='word_1_357' title='bbox 738 1529 878 1557; x_wconf 81' lang='lat' dir='ltr'><strong>werden“.</strong></span> <span class='ocrx_word' id='word_1_358' title='bbox 905 1545 939 1550; x_wconf 90' lang='lat'><strong>—-</strong></span> <span class='ocrx_word' id='word_1_359' title='bbox 969 1529 1011 1564; x_wconf 84' lang='lat'><strong>11,</strong></span> <span class='ocrx_word' id='word_1_360' title='bbox 1032 1528 1050 1558; x_wconf 85' lang='lat'><strong>3</strong></span> <span class='ocrx_word' id='word_1_361' title='bbox 1077 1533 1174 1567; x_wconf 82' lang='lat' dir='ltr'><strong>agitur</strong></span> <span class='ocrx_word' id='word_1_362' title='bbox 1199 1536 1304 1560; x_wconf 79' lang='lat' dir='ltr'><strong>rectus.</strong></span> <span class='ocrx_word' id='word_1_363' title='bbox 1330 1548 1366 1552; x_wconf 91' lang='lat'>—</span> <span class='ocrx_word' id='word_1_364' title='bbox 1394 1533 1438 1568; x_wconf 88' lang='grc'><strong>12,</strong></span> <span class='ocrx_word' id='word_1_365' title='bbox 1462 1534 1476 1562; x_wconf 91' lang='grc'><strong>1</strong></span> 
     </span>
     <span class='ocr_line' id='line_1_35' title="bbox 173 1565 1477 1606; baseline 0.004 -13"><span class='ocrx_word' id='word_1_366' title='bbox 173 1566 273 1599; x_wconf 76' lang='lat' dir='ltr'><strong>Tunc3</strong></span> <span class='ocrx_word' id='word_1_367' title='bbox 299 1565 380 1592; x_wconf 68' lang='lat' dir='ltr'><strong>clodo</strong></span> <span class='ocrx_word' id='word_1_368' title='bbox 406 1567 525 1594; x_wconf 69' lang='lat' dir='ltr'><strong>(konnto</strong></span> <span class='ocrx_word' id='word_1_369' title='bbox 552 1567 695 1593; x_wconf 84' lang='lat' dir='ltr'><strong>eventuell</strong></span> <span class='ocrx_word' id='word_1_370' title='bbox 724 1568 765 1594; x_wconf 87' lang='lat' dir='ltr'><strong>im</strong></span> <span class='ocrx_word' id='word_1_371' title='bbox 790 1569 881 1595; x_wconf 80' lang='lat' dir='ltr'><strong>Texte</strong></span> <span class='ocrx_word' id='word_1_372' title='bbox 909 1568 1044 1596; x_wconf 85' lang='lat' dir='ltr'><strong>belassen</strong></span> <span class='ocrx_word' id='word_1_373' title='bbox 1068 1570 1195 1605; x_wconf 85' lang='lat' dir='ltr'><strong>werden)</strong></span> <span class='ocrx_word' id='word_1_374' title='bbox 1214 1579 1318 1606; x_wconf 84' lang='lat' dir='ltr'><strong>gressu</strong></span> <span class='ocrx_word' id='word_1_375' title='bbox 1339 1572 1419 1600; x_wconf 82' lang='lat' dir='ltr'><strong>dato.</strong></span> <span class='ocrx_word' id='word_1_376' title='bbox 1440 1587 1477 1591; x_wconf 90' lang='lat'><strong>-—</strong></span> 
     </span>
     <span class='ocr_line' id='line_1_36' title="bbox 178 1601 1478 1668; baseline 0.007 -39"><span class='ocrx_word' id='word_1_377' title='bbox 178 1601 273 1668; x_wconf 43' lang='lat' dir='ltr'><strong>&amp;daie</strong></span> <span class='ocrx_word' id='word_1_378' title='bbox 282 1605 327 1629; x_wconf 73' lang='lat' dir='ltr'><strong>est</strong></span> <span class='ocrx_word' id='word_1_379' title='bbox 344 1601 429 1638; x_wconf 78' lang='lat' dir='ltr'><strong>fehlt3</strong></span> <span class='ocrx_word' id='word_1_380' title='bbox 456 1604 646 1632; x_wconf 74' lang='lat' dir='ltr'><strong>collaudatur.</strong></span> <span class='ocrx_word' id='word_1_381' title='bbox 676 1619 710 1623; x_wconf 92' lang='lat'><strong>—</strong></span> <span class='ocrx_word' id='word_1_382' title='bbox 739 1603 781 1638; x_wconf 76' lang='grc'><strong>13,</strong></span> <span class='ocrx_word' id='word_1_383' title='bbox 802 1603 820 1632; x_wconf 80' lang='lat'><strong><em>3</em></strong></span> <span class='ocrx_word' id='word_1_384' title='bbox 845 1606 963 1633; x_wconf 84' lang='lat' dir='ltr'><strong>Nomini</strong></span> <span class='ocrx_word' id='word_1_385' title='bbox 988 1608 1065 1633; x_wconf 79' lang='lat' dir='ltr'><strong>trino</strong></span> <span class='ocrx_word' id='word_1_386' title='bbox 1087 1607 1205 1635; x_wconf 73' lang='lat' dir='ltr'><strong>deitatis</strong></span> <span class='ocrx_word' id='word_1_387' title='bbox 1227 1608 1305 1636; x_wconf 83' lang='lat' dir='ltr'><strong>olim.</strong></span> <span class='ocrx_word' id='word_1_388' title='bbox 1331 1624 1367 1628; x_wconf 87' lang='lat'><strong>—-</strong></span> <span class='ocrx_word' id='word_1_389' title='bbox 1394 1608 1438 1644; x_wconf 88' lang='grc'><strong>13,</strong></span> <span class='ocrx_word' id='word_1_390' title='bbox 1459 1610 1478 1638; x_wconf 87' lang='grc'>4</span> 
     </span>
    </p>
   </div>
   <div class='ocr_carea' id='block_1_5' title="bbox 176 1687 1479 1983">
    <p class='ocr_par' dir='ltr' id='par_1_6' title="bbox 176 1687 1479 1983">
     <span class='ocr_line' id='line_1_37' title="bbox 256 1687 1478 1721; baseline 0.006 -7"><span class='ocrx_word' id='word_1_391' title='bbox 256 1687 507 1715; x_wconf 82' lang='lat' dir='ltr'><strong>Wahrscheinlich</strong></span> <span class='ocrx_word' id='word_1_392' title='bbox 526 1690 566 1716; x_wconf 78' lang='lat' dir='ltr'><strong>ist</strong></span> <span class='ocrx_word' id='word_1_393' title='bbox 585 1688 659 1715; x_wconf 77' lang='lat' dir='ltr'><strong>auch</strong></span> <span class='ocrx_word' id='word_1_394' title='bbox 679 1690 753 1716; x_wconf 82' lang='lat' dir='ltr'><strong>nach</strong></span> <span class='ocrx_word' id='word_1_395' title='bbox 769 1689 826 1717; x_wconf 81' lang='lat' dir='ltr'><strong>Str.</strong></span> <span class='ocrx_word' id='word_1_396' title='bbox 841 1689 877 1717; x_wconf 88' lang='grc'><strong>12</strong></span> <span class='ocrx_word' id='word_1_397' title='bbox 898 1692 1042 1719; x_wconf 73' lang='lat' dir='ltr'><strong>abel-mals</strong></span> <span class='ocrx_word' id='word_1_398' title='bbox 1064 1693 1130 1719; x_wconf 87' lang='lat' dir='ltr'><strong>eine</strong></span> <span class='ocrx_word' id='word_1_399' title='bbox 1143 1693 1247 1720; x_wconf 84' lang='lat' dir='ltr'><strong>Liicke</strong></span> <span class='ocrx_word' id='word_1_400' title='bbox 1268 1693 1478 1721; x_wconf 87' lang='lat' dir='ltr'><strong>anzunehmen.</strong></span> 
     </span>
     <span class='ocr_line' id='line_1_38' title="bbox 176 1725 1479 1768; baseline 0.005 -16"><span class='ocrx_word' id='word_1_401' title='bbox 176 1726 234 1752; x_wconf 66' lang='lat' dir='ltr'><strong>Fur</strong></span> <span class='ocrx_word' id='word_1_402' title='bbox 254 1725 300 1752; x_wconf 89' lang='lat' dir='ltr'><strong>die</strong></span> <span class='ocrx_word' id='word_1_403' title='bbox 312 1725 479 1753; x_wconf 62' lang='lat' dir='ltr'><strong>Tvxtkrstflc</strong></span> <span class='ocrx_word' id='word_1_404' title='bbox 493 1728 532 1753; x_wconf 79' lang='lat' dir='ltr'><strong>ist</strong></span> <span class='ocrx_word' id='word_1_405' title='bbox 545 1735 575 1754; x_wconf 82' lang='lat' dir='ltr'><strong>es</strong></span> <span class='ocrx_word' id='word_1_406' title='bbox 593 1734 651 1752; x_wconf 80' lang='lat' dir='ltr'><strong>von</strong></span> <span class='ocrx_word' id='word_1_407' title='bbox 667 1727 791 1763; x_wconf 72' lang='lat' dir='ltr'><strong>grosster</strong></span> <span class='ocrx_word' id='word_1_408' title='bbox 805 1729 981 1764; x_wconf 73' lang='lat' dir='ltr'><strong>Bedeutung,</strong></span> <span class='ocrx_word' id='word_1_409' title='bbox 1003 1729 1067 1758; x_wconf 76' lang='lat' dir='ltr'><strong>dass</strong></span> <span class='ocrx_word' id='word_1_410' title='bbox 1082 1730 1145 1757; x_wconf 89' lang='lat' dir='ltr'><strong>hier</strong></span> <span class='ocrx_word' id='word_1_411' title='bbox 1161 1731 1209 1758; x_wconf 81' lang='lat' dir='ltr'><strong>die</strong></span> <span class='ocrx_word' id='word_1_412' title='bbox 1222 1731 1479 1768; x_wconf 76' lang='lat' dir='ltr'><strong>Verstiimmelung</strong></span> 
     </span>
     <span class='ocr_line' id='line_1_39' title="bbox 178 1764 1479 1805; baseline 0.006 -16"><span class='ocrx_word' id='word_1_413' title='bbox 178 1764 256 1790; x_wconf 87' lang='lat' dir='ltr'><strong>eines</strong></span> <span class='ocrx_word' id='word_1_414' title='bbox 277 1765 358 1789; x_wconf 80' lang='lat' dir='ltr'><strong>sonst</strong></span> <span class='ocrx_word' id='word_1_415' title='bbox 376 1771 450 1798; x_wconf 74' lang='lat' dir='ltr'><strong>ganz</strong></span> <span class='ocrx_word' id='word_1_416' title='bbox 464 1765 666 1799; x_wconf 76' lang='lat' dir='ltr'><strong>goniessbaren</strong></span> <span class='ocrx_word' id='word_1_417' title='bbox 678 1765 783 1793; x_wconf 79' lang='lat' dir='ltr'><strong>Textes</strong></span> <span class='ocrx_word' id='word_1_418' title='bbox 803 1767 977 1802; x_wconf 69' lang='lat' dir='ltr'><strong>festgestellt</strong></span> <span class='ocrx_word' id='word_1_419' title='bbox 989 1767 1105 1795; x_wconf 86' lang='lat' dir='ltr'><strong>werden</strong></span> <span class='ocrx_word' id='word_1_420' title='bbox 1118 1768 1235 1796; x_wconf 75' lang='lat' dir='ltr'><strong>konnte.</strong></span> <span class='ocrx_word' id='word_1_421' title='bbox 1270 1768 1309 1796; x_wconf 86' lang='lat' dir='ltr'><strong>So</strong></span> <span class='ocrx_word' id='word_1_422' title='bbox 1324 1771 1479 1805; x_wconf 82' lang='lat' dir='ltr'><strong>gewinnen</strong></span> 
     </span>
     <span class='ocr_line' id='line_1_40' title="bbox 177 1801 1475 1843; baseline 0.007 -17"><span class='ocrx_word' id='word_1_423' title='bbox 177 1802 230 1827; x_wconf 84' lang='lat' dir='ltr'><strong>wir</strong></span> <span class='ocrx_word' id='word_1_424' title='bbox 252 1801 316 1827; x_wconf 82' lang='lat' dir='ltr'><strong>eine</strong></span> <span class='ocrx_word' id='word_1_425' title='bbox 336 1801 451 1828; x_wconf 78' lang='lat' dir='ltr'><strong>bessere</strong></span> <span class='ocrx_word' id='word_1_426' title='bbox 464 1802 629 1837; x_wconf 79' lang='lat' dir='ltr'><strong>Grundlage</strong></span> <span class='ocrx_word' id='word_1_427' title='bbox 649 1802 695 1829; x_wconf 74' lang='lat' dir='ltr'><strong>fiir</strong></span> <span class='ocrx_word' id='word_1_428' title='bbox 715 1803 761 1830; x_wconf 89' lang='lat' dir='ltr'><strong>die</strong></span> <span class='ocrx_word' id='word_1_429' title='bbox 774 1804 962 1840; x_wconf 77' lang='lat' dir='ltr'><strong>Vermutung,</strong></span> <span class='ocrx_word' id='word_1_430' title='bbox 981 1805 1044 1832; x_wconf 81' lang='lat' dir='ltr'><strong>dass</strong></span> <span class='ocrx_word' id='word_1_431' title='bbox 1059 1806 1134 1833; x_wconf 88' lang='lat' dir='ltr'><strong>auch</strong></span> <span class='ocrx_word' id='word_1_432' title='bbox 1147 1807 1205 1834; x_wconf 88' lang='lat' dir='ltr'><strong>den</strong></span> <span class='ocrx_word' id='word_1_433' title='bbox 1218 1807 1475 1843; x_wconf 78' lang='lat' dir='ltr'><strong>Thomashymnus</strong></span> 
     </span>
     <span class='ocr_line' id='line_1_41' title="bbox 178 1838 1477 1876; baseline 0.008 -13"><span class='ocrx_word' id='word_1_434' title='bbox 178 1838 320 1872; x_wconf 77' lang='lat' dir='ltr'><strong>„Cunctas</strong></span> <span class='ocrx_word' id='word_1_435' title='bbox 341 1839 399 1865; x_wconf 85' lang='lat' dir='ltr'><strong>iam</strong></span> <span class='ocrx_word' id='word_1_436' title='bbox 419 1838 558 1866; x_wconf 88' lang='lat' dir='ltr'><strong>mundus“</strong></span> <span class='ocrx_word' id='word_1_437' title='bbox 581 1840 641 1866; x_wconf 87' lang='lat' dir='ltr'><strong>und</strong></span> <span class='ocrx_word' id='word_1_438' title='bbox 657 1840 763 1868; x_wconf 81' lang='lat' dir='ltr'><strong>andere</strong></span> <span class='ocrx_word' id='word_1_439' title='bbox 776 1843 824 1868; x_wconf 86' lang='lat' dir='ltr'><strong>ein</strong></span> <span class='ocrx_word' id='word_1_440' title='bbox 838 1842 988 1870; x_wconf 68' lang='lat' dir='ltr'><strong>{ilmliches</strong></span> <span class='ocrx_word' id='word_1_441' title='bbox 1003 1843 1156 1871; x_wconf 79' lang='lat' dir='ltr'><strong>Schicksal</strong></span> <span class='ocrx_word' id='word_1_442' title='bbox 1169 1843 1228 1876; x_wconf 88' lang='lat' dir='ltr'><strong>(bei</strong></span> <span class='ocrx_word' id='word_1_443' title='bbox 1242 1845 1293 1872; x_wconf 87' lang='lat' dir='ltr'><strong>der</strong></span> <span class='ocrx_word' id='word_1_444' title='bbox 1308 1845 1477 1874; x_wconf 70' lang='lat' dir='ltr'><strong>Redaktion</strong></span> 
     </span>
     <span class='ocr_line' id='line_1_42' title="bbox 177 1874 1479 1915; baseline 0.008 -14"><span class='ocrx_word' id='word_1_445' title='bbox 177 1874 265 1902; x_wconf 86' lang='lat' dir='ltr'><strong>durch</strong></span> <span class='ocrx_word' id='word_1_446' title='bbox 279 1876 358 1901; x_wconf 84' lang='lat' dir='ltr'><strong>Ortiz</strong></span> <span class='ocrx_word' id='word_1_447' title='bbox 364 1875 388 1908; x_wconf 68' lang='grc'><strong>’2)</strong></span> <span class='ocrx_word' id='word_1_448' title='bbox 400 1874 539 1912; x_wconf 84' lang='lat' dir='ltr'><strong>getroffen</strong></span> <span class='ocrx_word' id='word_1_449' title='bbox 551 1877 626 1905; x_wconf 85' lang='lat' dir='ltr'><strong>habe</strong></span> <span class='ocrx_word' id='word_1_450' title='bbox 649 1878 756 1905; x_wconf 63' lang='lat' dir='ltr'>—›Gf1·.</span> <span class='ocrx_word' id='word_1_451' title='bbox 767 1879 866 1915; x_wconf 75' lang='lat' dir='ltr'><strong>Migne</strong></span> <span class='ocrx_word' id='word_1_452' title='bbox 876 1879 922 1913; x_wconf 58' lang='lat'><strong>«³56,</strong></span> <span class='ocrx_word' id='word_1_453' title='bbox 939 1877 1023 1914; x_wconf 81' lang='grc' dir='ltr'><strong>13Ο9;</strong></span> <span class='ocrx_word' id='word_1_454' title='bbox 1039 1882 1170 1909; x_wconf 79' lang='lat' dir='ltr'><strong>daselbst</strong></span> <span class='ocrx_word' id='word_1_455' title='bbox 1184 1883 1224 1909; x_wconf 76' lang='lat' dir='ltr'><strong>ist</strong></span> <span class='ocrx_word' id='word_1_456' title='bbox 1236 1883 1312 1910; x_wconf 82' lang='lat' dir='ltr'><strong>nach</strong></span> <span class='ocrx_word' id='word_1_457' title='bbox 1327 1884 1392 1910; x_wconf 80' lang='lat' dir='ltr'><strong>clem</strong></span> <span class='ocrx_word' id='word_1_458' title='bbox 1405 1884 1479 1911; x_wconf 87' lang='lat' dir='ltr'><strong>Vor-</strong></span> 
     </span>
     <span class='ocr_line' id='line_1_43' title="bbox 177 1913 1476 1956; baseline 0.008 -18"><span class='ocrx_word' id='word_1_459' title='bbox 177 1920 271 1948; x_wconf 82' lang='lat' dir='ltr'><strong>gange</strong></span> <span class='ocrx_word' id='word_1_460' title='bbox 289 1913 474 1941; x_wconf 68' lang='lat' dir='ltr'><strong>Lorenzzmas</strong></span> <span class='ocrx_word' id='word_1_461' title='bbox 495 1914 545 1941; x_wconf 88' lang='lat' dir='ltr'><strong>der</strong></span> <span class='ocrx_word' id='word_1_462' title='bbox 565 1915 698 1948; x_wconf 78' lang='lat' dir='ltr'><strong>Hymnus</strong></span> <span class='ocrx_word' id='word_1_463' title='bbox 718 1920 824 1943; x_wconf 81' lang='lat' dir='ltr'><strong>sammt</strong></span> <span class='ocrx_word' id='word_1_464' title='bbox 843 1918 977 1946; x_wconf 79' lang='lat' dir='ltr'><strong>Officium</strong></span> <span class='ocrx_word' id='word_1_465' title='bbox 998 1920 1050 1946; x_wconf 84' lang='lat' dir='ltr'><strong>auf</strong></span> <span class='ocrx_word' id='word_1_466' title='bbox 1066 1920 1122 1947; x_wconf 89' lang='lat' dir='ltr'><strong>den</strong></span> <span class='ocrx_word' id='word_1_467' title='bbox 1136 1917 1181 1947; x_wconf 87' lang='lat'><strong>30.</strong></span> <span class='ocrx_word' id='word_1_468' title='bbox 1197 1921 1266 1948; x_wconf 87' lang='lat' dir='ltr'><strong>Dez.</strong></span> <span class='ocrx_word' id='word_1_469' title='bbox 1286 1922 1476 1956; x_wconf 79' lang='lat' dir='ltr'><strong>verschoben,</strong></span> 
     </span>
     <span class='ocr_line' id='line_1_44' title="bbox 177 1949 960 1983; baseline 0.008 -8"><span class='ocrx_word' id='word_1_470' title='bbox 177 1949 313 1976; x_wconf 66' lang='lat' dir='ltr'><strong>wahrend</strong></span> <span class='ocrx_word' id='word_1_471' title='bbox 332 1950 360 1976; x_wconf 82' lang='lat' dir='ltr'>X</span> <span class='ocrx_word' id='word_1_472' title='bbox 383 1951 443 1977; x_wconf 89' lang='lat' dir='ltr'><strong>ihm</strong></span> <span class='ocrx_word' id='word_1_473' title='bbox 463 1953 563 1979; x_wconf 80' lang='lat' dir='ltr'><strong>seinen</strong></span> <span class='ocrx_word' id='word_1_474' title='bbox 581 1952 666 1979; x_wconf 73' lang='lat' dir='ltr'><strong>Platz</strong></span> <span class='ocrx_word' id='word_1_475' title='bbox 688 1954 726 1979; x_wconf 86' lang='lat' dir='ltr'><strong>im</strong></span> <span class='ocrx_word' id='word_1_476' title='bbox 747 1954 809 1981; x_wconf 85' lang='lat' dir='ltr'><strong>Juli</strong></span> <span class='ocrx_word' id='word_1_477' title='bbox 831 1958 960 1983; x_wconf 76' lang='lat' dir='ltr'><strong>anweist.</strong></span> 
     </span>
    </p>
   </div>
   <div class='ocr_carea' id='block_1_6' title="bbox 640 2098 1015 2134">
    <p class='ocr_par' dir='ltr' id='par_1_7' title="bbox 640 2098 1015 2134">
     <span class='ocr_line' id='line_1_45' title="bbox 640 2098 1015 2134; baseline 0.013 -5"><span class='ocrx_word' id='word_1_478' title='bbox 640 2098 699 2131; x_wconf 87' lang='lat'>130.</span> <span class='ocrx_word' id='word_1_479' title='bbox 728 2101 762 2131; x_wconf 88' lang='lat' dir='ltr'><strong>ln</strong></span> <span class='ocrx_word' id='word_1_480' title='bbox 783 2103 883 2133; x_wconf 81' lang='lat' dir='ltr'><strong>sancti</strong></span> <span class='ocrx_word' id='word_1_481' title='bbox 904 2103 1015 2134; x_wconf 65' lang='lat' dir='ltr'><strong>iacobi.</strong></span> 
     </span>
    </p>
   </div>
   <div class='ocr_carea' id='block_1_7' title="bbox 416 2184 1152 2418">
    <p class='ocr_par' dir='ltr' id='par_1_8' title="bbox 416 2184 1152 2418">
     <span class='ocr_line' id='line_1_46' title="bbox 416 2184 1152 2235; baseline 0.012 -18"><span class='ocrx_word' id='word_1_482' title='bbox 416 2185 444 2218; x_wconf 91' lang='lat'><strong>1.</strong></span> <span class='ocrx_word' id='word_1_483' title='bbox 473 2184 498 2219; x_wconf 83' lang='grc' dir='ltr'><strong>Ο</strong></span> <span class='ocrx_word' id='word_1_484' title='bbox 525 2187 585 2218; x_wconf 89' lang='lat' dir='ltr'><strong>Dei</strong></span> <span class='ocrx_word' id='word_1_485' title='bbox 610 2188 748 2226; x_wconf 82' lang='lat' dir='ltr'><strong>verbum,</strong></span> <span class='ocrx_word' id='word_1_486' title='bbox 775 2191 877 2230; x_wconf 73' lang='lat' dir='ltr'><strong>patris</strong></span> <span class='ocrx_word' id='word_1_487' title='bbox 903 2200 958 2223; x_wconf 86' lang='lat' dir='ltr'><strong>ore</strong></span> <span class='ocrx_word' id='word_1_488' title='bbox 981 2194 1152 2235; x_wconf 77' lang='lat' dir='ltr'><strong>proditum,</strong></span> 
     </span>
     <span class='ocr_line' id='line_1_47' title="bbox 472 2230 1141 2280; baseline 0.013 -16"><span class='ocrx_word' id='word_1_489' title='bbox 472 2230 590 2266; x_wconf 84' lang='lat' dir='ltr'><strong>Rerum</strong></span> <span class='ocrx_word' id='word_1_490' title='bbox 618 2238 740 2266; x_wconf 83' lang='lat' dir='ltr'><strong>creator</strong></span> <span class='ocrx_word' id='word_1_491' title='bbox 766 2240 798 2267; x_wconf 79' lang='lat' dir='ltr'><strong>et</strong></span> <span class='ocrx_word' id='word_1_492' title='bbox 818 2246 925 2279; x_wconf 70' lang='lat' dir='ltr'><strong>verum</strong></span> <span class='ocrx_word' id='word_1_493' title='bbox 952 2239 1141 2280; x_wconf 86' lang='lat' dir='ltr'><strong>principium</strong></span> 
     </span>
     <span class='ocr_line' id='line_1_48' title="bbox 473 2278 1144 2325; baseline 0.01 -11"><span class='ocrx_word' id='word_1_494' title='bbox 473 2278 595 2314; x_wconf 84' lang='lat' dir='ltr'><strong>Auctor</strong></span> <span class='ocrx_word' id='word_1_495' title='bbox 619 2283 777 2321; x_wconf 76' lang='lat' dir='ltr'><strong>perennis,</strong></span> <span class='ocrx_word' id='word_1_496' title='bbox 804 2284 868 2323; x_wconf 88' lang='lat' dir='ltr'><strong>lux,</strong></span> <span class='ocrx_word' id='word_1_497' title='bbox 895 2286 982 2325; x_wconf 84' lang='lat' dir='ltr'><strong>origo</strong></span> <span class='ocrx_word' id='word_1_498' title='bbox 1006 2287 1144 2323; x_wconf 78' lang='lat' dir='ltr'><strong>luminis,</strong></span> 
     </span>
     <span class='ocr_line' id='line_1_49' title="bbox 473 2324 1039 2377; baseline 0.011 -18"><span class='ocrx_word' id='word_1_499' title='bbox 473 2324 596 2360; x_wconf 81' lang='lat' dir='ltr'><strong>Enixus</strong></span> <span class='ocrx_word' id='word_1_500' title='bbox 622 2329 692 2360; x_wconf 79' lang='lat' dir='ltr'><strong>alvo</strong></span> <span class='ocrx_word' id='word_1_501' title='bbox 718 2330 874 2369; x_wconf 83' lang='lat' dir='ltr'><strong>gloriosae</strong></span> <span class='ocrx_word' id='word_1_502' title='bbox 898 2333 1039 2377; x_wconf 84' lang='lat' dir='ltr'><strong>virginis,</strong></span> 
     </span>
     <span class='ocr_line' id='line_1_50' title="bbox 473 2372 1107 2418; baseline 0.011 -10"><span class='ocrx_word' id='word_1_503' title='bbox 473 2372 593 2418; x_wconf 85' lang='lat' dir='ltr'><strong>Xriste,</strong></span> <span class='ocrx_word' id='word_1_504' title='bbox 621 2379 655 2406; x_wconf 83' lang='lat' dir='ltr'><strong>tu</strong></span> <span class='ocrx_word' id='word_1_505' title='bbox 676 2379 784 2408; x_wconf 88' lang='lat' dir='ltr'><strong>noster</strong></span> <span class='ocrx_word' id='word_1_506' title='bbox 809 2387 921 2410; x_wconf 85' lang='lat' dir='ltr'><strong>revera</strong></span> <span class='ocrx_word' id='word_1_507' title='bbox 943 2379 1107 2416; x_wconf 83' lang='lat' dir='ltr'><strong>Emannel.</strong></span> 
     </span>
    </p>
   </div>
   <div class='ocr_carea' id='block_1_8' title="bbox 1145 2269 1153 2284">
    <p class='ocr_par' dir='ltr' id='par_1_9' title="bbox 1145 2269 1153 2284">
     <span class='ocr_line' id='line_1_51' title="bbox 1145 2269 1153 2284; baseline 0 0"><span class='ocrx_word' id='word_1_508' title='bbox 1145 2269 1153 2284; x_wconf 67' lang='lat'>5</span> 
     </span>
    </p>
   </div>
  </div>
 </body>
</html>
