1650 2610
684 103 918 141 -85-

220 196 295 234 ΜΤ,
316 198 374 234 '1:103
399 199 434 236 03
455 198 537 238 Lsd;
563 200 601 229 X.
622 216 659 221 ——
682 200 711 237 1,
732 199 751 229 4
769 210 871 230 verum
889 200 965 230 LSd.
985 217 1022 221 —
1043 198 1072 235 2,
1094 198 1112 229 3
1131 200 1228 236 piabit
1246 201 1298 236 Tb,
1319 200 1396 228 Lsd.
1416 215 1453 219 —

139 234 166 269 3,
187 233 205 262 2
225 246 278 273 per
297 240 438 266 vacantes
460 238 498 274 C3
523 240 679 268 daemones
699 240 770 276 MT,
796 241 940 268 daemona
960 238 991 267 O.
1014 254 1054 260 -—
1077 237 1105 274 3,
1123 237 1144 266 4
1163 240 1272 275 pabore
1294 238 1332 273 C,
1356 239 1454 267 libera

139 274 211 307 MT,
231 275 289 309 Tb,
311 275 353 312 X,
381 276 489 304 liberes
509 276 586 305 LSd.
615 293 651 299 —-
680 276 712 312 4,
735 276 750 306 1
772 278 858 306 Hanc
879 278 916 314 C;
944 278 1109 314 praescium
1129 276 1161 303 C.
1181 291 1220 296 -—
1243 276 1276 312 4,
1298 276 1316 305 2
1336 277 1453 304 futurae

143 313 239 340 noetis
259 313 357 349 gloria
375 314 412 342 X.
433 330 470 335 -—
490 313 516 350 4,
532 313 550 344 3
569 316 665 344 Deum
687 316 759 352 MT,
780 315 981 350 multiplicans
1000 314 1077 343 LSd.
1090 330 1128 335 —-
1148 313 1174 349 4,
1189 314 1209 343 4
1231 315 1357 343 excubat
1370 314 1400 342 C.
1415 328 1452 333 —

141 349 166 385 5,
188 348 203 377 1
232 352 317 379 Haeo
341 360 396 379 nos
426 353 464 387 C;
492 353 535 381 Et
558 362 612 381 nos
637 353 714 382 Lsd.
739 368 779 373 -—
804 353 830 389 6,
850 351 869 380 2
893 354 1012 382 Laudes
1038 355 1154 390 suscipe
1176 355 1321 381 iustorum
1338 353 1393 380 Tb.
1415 367 1452 371 —

142 387 167 423 6,
190 386 210 415 4
235 389 353 417 nobelle
372 391 431 425 Tb3
458 391 594 419 novellae
613 391 696 428 LSd3
724 392 829 420 novele
847 391 891 428 X;
919 392 1039 419 nobella
1056 391 1127 424 ΜΤ,
1152 391 1184 418 C.
1210 406 1248 411 —
1273 391 1452 426 Doxologie:

140 427 204 454 Deo
229 428 306 463 patri
326 429 366 455 sit
385 428 481 465 gloria
495 432 549 457 ete.
563 430 617 463 Tb,
638 430 675 458 X.
689 445 728 449 —
745 430 813 466 Vgl.
833 429 881 457 die
894 430 1085 465 Anmerkung
1105 438 1172 457 zum
1192 428 1452 464 vorhergehenden

140 464 285 509 ‚Hymnuff
309 480 344 485 —
365 466 472 494 InMT
492 467 569 495 nach
589 467 715 503 Strophe
735 465 752 495 3
771 476 848 496 neue
861 467 980 495 Initiale
1000 467 1061 495 und
1081 465 1213 503 „Alius“.
1230 481 1264 486 -
1284 466 1451 494 Riitselhaft

139 505 180 529 ist
192 502 240 531 die
252 503 439 532 Ubersehrift
449 505 482 532 in
494 505 577 533 LSd:
599 505 676 533 Ordo
690 505 935 534 hebdomadarius
950 505 1023 539 Quo
1033 507 1122 540 quin
1131 514 1146 533 e
1164 507 1197 533 in
1210 506 1397 533 monasterio.
1414 520 1451 524 —-

140 539 198 568 Cfr.
217 541 320 577 Migne
340 539 386 576 86,
407 540 464 571 446
485 540 541 579 (ais
560 542 676 571 Sehiurs
695 551 745 571 zu:
765 544 868 572 Noctis
889 545 1002 579 tempus
1023 544 1083 571 iam
1102 542 1259 579 praeterit).

581 634 627 665 32.
659 635 721 673 „De
740 634 1016 676 Quadragesimff.

430 704 461 736 1.
490 703 618 736 Christe
642 703 805 747 immense,
835 705 1013 738 dominator
1036 708 1156 745 sancte,

489 750 649 783 conserva
672 760 810 792 gregem,
837 760 930 791 quem
954 755 989 783 tu
1011 752 1185 793 redemisti,

487 797 648 838 Sanguine
672 807 764 831 sacro
788 801 842 831 tuo
867 799 1008 839 pretioso

631 847 707 886 Ipse
731 845 873 878 salvasti.

428 904 460 936 2.
488 902 651 936 Conserva
675 911 801 943 gregem
826 905 926 943 tuum,
950 902 1023 934 Iesu
1048 902 1183 942 Christe,

486 950 532 982 Et
553 948 605 982 fae
628 950 789 990 heredem,
814 953 846 981 et
868 949 901 981 in
925 952 958 981 te
982 958 1112 981 manere

487 997 620 1037 Semper
644 998 758 1030 assiste
782 996 966 1038 pariterque
991 1005 1100 1029 omnes

631 1044 758 1077 Laudes
783 1043 916 1078 referre.

429 1101 462 1133 3.
488 1100 617 1133 Exaudi
640 1109 769 1141 precem
791 1100 903 1141 populi
927 1099 1078 1139 rogantis,

488 1147 548 1186 Qui
572 1147 632 1179 tibi
656 1157 735 1188 puro
759 1148 966 1180 inhaeserunt
991 1146 1097 1188 corde,

486 1194 533 1227 Ut
555 1197 661 1227 tecum
686 1194 748 1227 fuit
770 1197 915 1235 tempore
938 1197 1068 1226 aeterno

632 1244 673 1275 In
697 1251 795 1285 regno
819 1245 886 1277 tuo.

430 1301 461 1333 4.
489 1299 603 1340 Ibique
627 1300 735 1331 euneti
757 1299 863 1339 angeli
885 1299 1047 1330 laetantur

489 1346 668 1387 Omnesque
691 1346 785 1378 simul
809 1355 873 1378 una
897 1353 976 1378 voce
1001 1346 1155 1377 clamant:

487 1393 600 1426 Gloria
620 1393 749 1426 Christo
774 1393 868 1425 detur
891 1392 1029 1433 infinita,

632 1441 713 1481 Regi
737 1442 878 1474 aeterno.

429 1499 462 1531 5.
486 1497 570 1542 Tibi,
600 1497 750 1530 defensor
774 1498 866 1540 aime,
891 1496 976 1529 bone
998 1498 1120 1536 pastor,

487 1545 615 1578 Gratias
640 1554 748 1578 omnes
773 1545 904 1588 agimus,
931 1544 1094 1584 immense,

483 1593 554 1626 Tua
575 1602 634 1625 nos
659 1600 787 1633 semper
812 1593 946 1626 dextera
971 1594 1138 1624 conservet

628 1642 692 1674 Per
715 1648 807 1672 omne
832 1640 982 1673 saeclum.

211 1707 287 1735 LSd.
316 1721 354 1725 —-
381 1704 407 1740 1,
428 1704 446 1733 2
475 1705 625 1734 Conserba
650 1714 768 1742 gregem
794 1713 890 1741 quam.
917 1720 954 1725 —
985 1702 1009 1737 1,
1030 1702 1051 1731 4
1075 1703 1207 1731 salbasfi.
1228 1717 1266 1722 -—
1286 1701 1313 1736 2,
1337 1700 1351 1729 1
1374 1701 1449 1729 Con-

136 1746 231 1774 serba.
252 1759 289 1765 —-
310 1742 336 1778 3,
358 1742 376 1773 3
395 1744 466 1772 Lies
487 1743 640 1772 vielleieht
659 1746 755 1770 tecum
774 1744 875 1771 simus„
891 1757 928 1761 —
949 1740 975 1776 5,
996 1740 1014 1770 3
1035 1741 1196 1769 eonserbet.
1210 1755 1248 1760 —-
1262 1739 1320 1768 Str.
1342 1737 1359 1768 3
1380 1749 1409 1767 u.
1429 1738 1450 1767 4

136 1794 185 1812 am
203 1783 307 1812 Raude
327 1782 563 1819 zugesohrieben.
588 1796 626 1801 —--
644 1781 713 1817 Vgl.
733 1782 791 1809 den
805 1782 941 1817 Hymnus
961 1778 1097 1816 gleiehen
1110 1779 1258 1816 Anfanges
1278 1780 1308 1806 in
1323 1778 1409 1806 Dom.
1421 1775 1449 1806 3.

137 1822 395 1858 Quadragesimae.

477 1902 524 1935 33.
555 1901 714 1935 Dominiea
733 1902 767 1935 in
786 1901 891 1934 Remis
911 1901 1100 1934 Palmarum.

619 1971 807 2010 ingrediente
824 1970 966 2008 Vespera.

402 2037 432 2071 1.
460 2037 592 2070 Vocaris
618 2037 660 2069 ad
686 2036 794 2077 vitam,
816 2044 942 2068 sacrum
966 2034 1029 2067 Dei
1053 2042 1162 2074 genus,

460 2084 593 2118 Creator
617 2084 775 2117 asciscens
801 2086 896 2124 amat,
923 2091 1005 2124 quae
1029 2081 1184 2121 condidit,

456 2133 656 2173 Redemptor
680 2131 816 2164 attrahit
839 2131 975 2172 benigno
1001 2129 1135 2170 spiritu:

459 2181 583 2222 Venite,
611 2180 698 2219 dicit,
726 2182 832 2213 vester
856 2188 937 2211 unus
962 2187 1032 2211 sum
1055 2176 1154 2210 Deus.

398 2240 431 2271 2.
457 2237 678 2270 Damnationis
703 2246 760 2269 vos
784 2236 891 2277 iugum
916 2235 1036 2276 pressit
1059 2241 1166 2275 grave,

460 2285 586 2319 Collum
612 2284 746 2317 dedistis
771 2284 908 2324 ponderi
931 2282 1103 2323 nequitiae,

458 2333 719 2374 Obstrangulavit
742 2334 851 2374 guttur
875 2334 909 2363 et
931 2329 1102 2372 pernicies,

456 2381 610 2415 Substare
635 2380 790 2422 quidquid
812 2377 927 2423 adfuit,
953 2380 1056 2410 totum
1079 2376 1154 2411 ruit.
