1650 2610
389 248 420 280 5.

360 1460 413 1492 10.

357 1702 410 1734 11.

360 1945 413 1977 12.

357 2190 410 2222 13.

738 149 994 184 -220—

446 246 569 278 Dehinc
591 245 764 286 praescitos
789 243 885 283 elegis
910 242 1086 282 apostolos:

443 293 582 335 Petrum,
609 292 779 329 Andream‚
803 290 975 322 Iohannem
1002 292 1034 321 et
1054 288 1216 330 Iacobum,

444 340 717 372 Bai-tholomaeum
741 338 915 377 ludamque
940 339 970 368 et
995 336 1164 376 Simonem,

442 387 604 426 Thomam,
629 385 812 425 Philippum
838 386 870 415 et
892 383 1031 423 Alphaei
1054 383 1215 424 Iacobum,

441 433 637 465 Matthaeum
663 441 738 464 vero
763 440 880 464 vocans
906 440 926 463 a
948 431 1084 465 teloneo.

443 489 527 520 Hinc
549 491 621 528 post
644 497 817 528 ascensum,
846 487 982 527 Christe,
1008 490 1096 519 tuum
1122 487 1164 518 ad
1190 486 1294 518 caelos

442 536 583 575 Propere
608 535 713 574 pergit
728 535 791 575 ‚qui
814 535 856 567 ad
881 534 1079 574 Aethiopios,

439 582 518 614 Mox
541 591 561 613 a
586 581 741 614 Candacis
765 584 930 621 susceptus
957 584 1004 613 est
1029 581 1190 622 eunucho,

438 629 663 668 Praestigiatos
687 629 837 660 liberavit
860 638 880 661 a
903 637 1021 669 magos,

438 676 475 707 ln
500 684 608 707 somno
632 676 729 707 vertit
755 676 906 708 dracones
931 675 1142 708 saevissimos.

406 755 413 763 .
439 731 597 762 Exhortat
621 734 742 763 coetum
766 741 863 764 vanos
890 732 965 763 deos
988 734 1130 763 temnere

436 778 481 810 Et
503 777 606 809 Deum
630 787 738 810 verum
765 779 868 811 Iesum
895 778 1055 811 Christum
1081 778 1222 818 credere,

436 825 482 858 Ut
504 825 646 864 paradisi
670 824 817 857 fruantur
842 826 966 859 delicie.

436 871 514 903 Mox
539 872 578 903 ab
601 872 740 912 Eglippo
764 875 812 904 est
836 873 955 904 accitus
980 873 1127 913 principe

435 918 479 949 Et
502 919 624 957 prolem
650 920 716 950 eius
741 921 875 952 suscitat
898 929 917 951 a
942 918 1064 952 funere.

436 974 506 1006 Rex
530 975 640 1006 videns
667 976 777 1015 credit,
807 978 839 1007 et
862 976 953 1015 plebs
979 976 1131 1015 templum
1157 977 1322 1017 construit,

435 1021 473 1053 In
498 1030 557 1060 quo
582 1030 639 1054 rex
663 1023 746 1053 lotus
773 1023 968 1062 coniunxque
991 1023 1193 1062 baptismate,

436 1068 512 1100 Cum
538 1067 722 1100 Eufranone
745 1069 836 1108 plebs
859 1073 891 1100 et
914 1068 1072 1110 Effigenie

433 1114 559 1146 Almam
585 1116 734 1147 ducentes
759 1116 853 1148 vitam
880 1117 913 1148 in
937 1117 1098 1157 progenie,

433 1161 541 1201 Usque
567 1162 639 1193 dum
665 1163 769 1202 coepit
791 1163 916 1195 Irtacus
940 1164 1103 1204 regimine.

435 1217 596 1250 Convocat
619 1227 753 1258 namque
778 1228 834 1250 rex
859 1220 947 1251 rudis
973 1220 1148 1259 apostolum

433 1263 537 1303 Eique
561 1273 690 1304 regnum
715 1267 888 1305 spopondit
914 1267 1089 1309 dimidium,

435 1310 480 1342 Ut
505 1311 628 1342 caelebs
653 1312 701 1343 illi
726 1313 817 1344 detur
840 1312 1009 1355 Effigenia,

436 1357 493 1389 Cui
518 1357 566 1389 bis
593 1361 717 1390 centum
742 1360 844 1391 almae
867 1360 901 1391 in
928 1360 1078 1392 coenobia

436 1404 581 1444 Virgines
607 1408 698 1437 erant
721 1415 813 1438 sacra
838 1415 908 1438 cum
932 1408 1099 1440 velamina.

440 1459 493 1490 Ad
518 1460 596 1491 haec
618 1461 799 1493 Matthaeus
825 1463 929 1494 Irtaco
955 1466 1083 1494 exortus
1111 1467 1178 1495 est:

432 1505 495 1537 Fas
519 1515 582 1538 non
608 1510 655 1538 est
679 1509 761 1548 regis
787 1517 934 1548 sponsam
959 1518 1050 1541 servo
1077 1511 1192 1542 ducere

434 1552 502 1583 Nec
527 1552 645 1585 Christi
668 1563 815 1593 sponsam
840 1554 889 1587 fas
914 1558 962 1587 est
985 1559 1059 1588 tuae
1084 1558 1217 1597 copulae

434 1599 534 1640 lungi.
585 1600 631 1632 Ob
655 1601 716 1632 hoc
740 1611 811 1633 mox
836 1602 958 1634 Irtaeus
983 1605 1120 1643 apostoli

433 1645 561 1678 Percuti
583 1648 679 1679 iussit
700 1651 812 1688 pectus
834 1650 902 1681 ictu
925 1650 1034 1689 gladii.

437 1702 537 1735 Orans
564 1702 735 1745 confessae,
761 1705 877 1745 migrat
902 1707 997 1738 caelis
1014 1708 1137 1747 anima;

434 1749 556 1781 Aurum
580 1759 653 1783 mox
680 1752 815 1792 praebet
840 1754 928 1793 virgo
952 1752 1122 1794 Effigeuffl,

433 1796 477 1828 Et
501 1797 627 1830 Christo
657 1798 783 1838 dignam
806 1803 991 1832 construunt
1014 1801 1190 1842 basilicam,

435 1844 474 1875 In
498 1853 559 1883 qua
582 1845 763 1877 Matthaeus
788 1847 958 1886 requiescit
981 1849 1015 1880 in
1038 1858 1129 1889 urna,

434 1890 551 1930 Vigent
574 1892 706 1923 virtutes
730 1902 789 1932 per
813 1898 943 1927 aeterna
967 1898 1122 1936 tempora.

437 1945 581 1986 Virgines
605 1957 655 1979 uri
679 1957 735 1980 rex
759 1951 934 1992 praecepit,
960 1953 1017 1984 sed
1041 1951 1169 1985 flamma

434 1993 554 2024 Ventus
578 1994 746 2034 invergens
772 2001 890 2029 cremat
914 2000 998 2039 regis
1023 2000 1126 2042 atria3

435 2039 512 2071 Mox
538 2043 587 2071 est
607 2050 775 2081 pelcussus
800 2046 885 2076 totus
911 2046 1102 2087 elephantia,

435 2087 545 2118 Proles
570 2087 720 2129 ab1eptus
747 2090 907 2123 daemonis
932 2094 1075 2147 saevitia,

434 2133 479 2165 Et
502 2137 593 2173 patei
618 2144 726 2167 caesus
753 2146 827 2169 ense
853 2137 942 2171 efflat
965 2141 1111 2175 animam.

435 2190 578 2230 Regnum
601 2192 662 2223 hoc
687 2193 772 2233 cepit
794 2193 895 2227 frater
918 2195 1108 2239 Effigeniae,

435 2237 519 2269 Beor
543 2239 699 2278 gestabat,
713 2249 827 2273 nomen
852 2251 890 2274 ex
915 2243 1116 2289 baptismate,

435 2284 532 2323 Quem
557 2289 685 2318 sanctus
708 2291 831 2328 martyr
855 2295 1050 2332 unxeratque
1076 2295 1264 2337 cluismate3

435 2332 622 2365 Pioviuciae
645 2337 717 2366 sunt
741 2335 855 2374 plenae
878 2347 951 2370 mox
974 2340 1137 2383 basilicae,

435 2379 500 2419 Quo
526 2384 642 2413 canunt
665 2381 734 2414 Deo
758 2383 844 2415 dulci
868 2386 1093 2423 modulamine.
