1650 2610
685 138 944 173 -217—

384 226 439 259 13.
465 224 556 260 Licet
579 231 633 262 hic
656 241 767 265 sensus
791 238 919 267 maneat
942 238 1063 277 acutus,

462 275 579 309 Mortis
605 281 636 309 et
660 280 747 320 rigor
771 281 927 315 habeatur
951 284 1063 323 01111115,

462 322 552 362 Quod
576 327 682 357 tamen
708 331 817 361 sancto
843 330 937 362 datur
963 331 998 362 in
1022 329 1129 363 futuro

604 373 763 413 Tempore
786 385 908 421 munnS,

382 436 436 468 14.
462 432 565 477 Loqui
590 447 650 470 nee
674 440 758 473 ullus
784 443 870 474 valet
893 453 1031 483 unquam
1055 445 1149 476 homo

462 482 567 515 Carne
591 487 725 519 vestitus
750 487 868 530 fragili,
894 490 1037 523 beandus

462 529 610 564 Claustra
630 542 700 565 cum
726 537 830 568 carnis
854 537 994 578 liquerit,
1021 547 1190 578 resurgens

601 580 713 612 Iudice
738 582 875 617 Christo.

380 642 435 675 15.
461 640 603 676 Uocibus
627 654 701 686 ergo
726 648 863 686 placidis
889 658 1036 690 rogamus

458 690 516 731 Te,
542 691 642 731 Deus,
668 702 776 726 omnes
802 695 976 737 humilique
996 701 1112 738 mente,

457 737 564 770 Dones
590 738 750 772 defunctis
774 743 916 782 requiem
940 745 1099 785 misertus,

605 785 731 819 Gaudia
754 788 846 823 vivis,

379 851 434 884 16.
460 847 507 884 Ut
530 851 599 883 sine
625 853 719 892 culpa
741 852 853 886 famuli
877 855 964 887 beati

455 898 556 930 Festa
578 899 729 932 Marcelli
756 901 950 935 celebremus
975 913 1040 936 una

456 945 566 986 Teque
589 947 756 980 laudemus
780 949 903 988 pariter
928 959 986 990 per
1011 960 1121 984 aevum

596 994 751 1028 Dulcibus
776 996 913 1036 hymnis.

374 1060 428 1092 1¹7.
456 1056 512 1093 Sic
535 1062 610 1092 tuae
634 1061 723 1100 plebi
747 1062 870 1094 veniam
899 1064 1024 1095 canenti

451 1107 605 1148 Prorogat,
631 1112 667 1139 ut
690 1111 801 1141 nostra
825 1111 950 1142 scelera
975 1111 1127 1151 dimittaS,

451 1154 557 1186 Testis
584 1158 616 1187 et
636 1164 734 1196 prece
757 1165 881 1190 reseres
906 1158 1055 1190 Marcelli

593 1203 718 1235 Abdita
743 1204 832 1239 caeli.

371 1269 426 1302 18.
453 1265 505 1302 Sit
528 1269 630 1301 honor
654 1279 730 1310 una,
756 1273 849 1310 pater
874 1272 967 1311 alme,
994 1280 1120 1312 semper

448 1316 495 1348 Et
517 1316 578 1348 tibi
604 1317 732 1350 Christo
757 1318 944 1358 pariterque
970 1319 1062 1356 dono,

453 1363 575 1396 Cuncta
598 1365 652 1405 qui
675 1365 775 1405 cingis
799 1365 887 1397 Deus
911 1376 992 1398 unus
1020 1368 1149 1399 exstans

597 1411 731 1444 Saecula
755 1413 863 1446 saecli.

226 1478 263 1505 X.
283 1493 322 1497 —
343 1476 368 1512 2,
392 1475 407 1505 1
427 1477 526 1505 Μο1·55
547 1477 635 1505 doces
655 1479 733 1506 cives
753 1487 791 1514 po
812 1478 888 1506 ulos.
910 1494 946 1497 —
966 1476 992 1513 3,
1014 1476 1032 1506 3
1050 1478 1187 1506 manibus
1208 1478 1319 1506 habita.
1340 1493 1377 1497 —
1398 1477 1424 1513 6,
1449 1477 1467 1507 3

151 1515 295 1543 Dominus
316 1518 413 1552 5111115.
433 1532 472 1536 -
491 1513 519 1552 8,
540 1516 558 1543 3
578 1516 714 1544 Aethere.
733 1532 771 1536 —
811 1514 837 1550 0,
852 1514 870 1544 3
889 1517 981 1544 Morti
993 1526 1031 1544 ne
1044 1517 1137 1544 detur.
1154 1531 1193 1535 —
1208 1514 1251 1550 12,
1269 1515 1283 1543 1
1305 1519 1467 1553 quaeritur-

151 1562 218 1589 que;
233 1554 284 1581 der
298 1554 373 1582 Sinn
386 1553 498 1582 fordert
510 1562 594 1591 quae,
610 1554 662 1582 tlas
676 1555 804 1582 Mettum
823 1563 894 1590 que3
914 1555 973 1591 vgl.
991 1556 1129 1591 iibrigens
1144 1552 1170 1588 8,
1185 1552 1218 1590 2;
1239 1553 1266 1590 9,
1282 1553 1311 1582 2:
1335 1553 1380 1589 10,
1395 1553 1468 1582 2.—

154 1589 197 1626 13,
219 1590 237 1618 2
255 1593 350 1620 Menti
379 1596 409 1621 et
432 1593 526 1628 vigor.
551 1608 589 1612 —-
617 1590 660 1627 13,
682 1590 699 1621 3
727 1594 847 1620 sanetis.
868 1607 906 1612 —
927 1591 971 1625 14,
992 1590 1010 1621 3
1030 1593 1153 1629 liquerit
1172 1593 1300 1628 doppelt.
1322 1607 1359 1611 —
1381 1592 1425 1628 15,
1446 1591 1464 1621 3

151 1632 184 1657 ut
202 1630 356 1659 defunctis.
376 1644 414 1650 ——
436 1628 480 1664 18,
501 1628 519 1657 2
540 1631 626 1658 (lona.
646 1645 684 1650 —-
708 1629 752 1665 18,
773 1629 793 1659 4
811 1631 932 1659 saecula
952 1631 1144 1659 saeculorum.
1165 1646 1202 1650 -—
1223 1631 1281 1659 Cfr.
1297 1632 1400 1667 Migne
1434 1629 1465 1665 16,

152 1665 225 1734 1338
239 1677 318 1736 sqffi3
339 1670 416 1721 Acta
429 1667 480 1696 SS.
497 1669 560 1697 Oct.
573 1669 658 1703 XIII,
672 1667 737 1697 283.
752 1685 792 1689 —
803 1670 986 1698 Interessant
1001 1671 1042 1697 ist
1055 1670 1107 1697 clas
1120 1669 1148 1696 D
1158 1678 1201 1703 op
1210 1669 1468 1705 pelakrosfiehcn

151 1726 167 1742 ‚‚
199 1712 272 1735 arce
301 1713 337 1736 us
360 1728 368 1736 .

566 1789 628 1822 152.
659 1791 696 1822 In
715 1792 845 1823 sanctae
867 1791 1054 1823 Marcianae.

162 1862 192 1895 1.
219 1861 338 1894 Sacrae
363 1861 561 1901 triumphum
583 1862 736 1902 martyris
846 1864 879 1897 4.
905 1863 984 1894 Mox
1008 1860 1116 1902 flagris
1143 1869 1236 1893 caesa
1260 1861 1399 1893 trahitur

220 1909 370 1942 Celebret
394 1918 459 1942 vox
484 1910 648 1952 ecclesiae,
907 1910 1000 1943 Celsa
1025 1911 1067 1942 ad
1091 1909 1251 1949 praetoris
1276 1909 1369 1950 atria,

219 1958 360 1991 Camena
382 1957 425 1990 sit
451 1958 574 1989 cunctis
597 1967 662 1990 una
906 1959 1014 1998 Atque
1037 1958 1094 1989 ilie
1117 1956 1203 1988 ludis
1229 1957 1341 1996 allicit,

216 2005 405 2039 Marcianae
428 2005 462 2037 in
484 2005 614 2038 laudem
630 2006 775 2046 virginis,
907 2006 1088 2038 Prosternit
1110 2004 1255 2036 membra
1279 2005 1421 2044 virginis.

157 2065 188 2096 2.
217 2063 305 2102 Quae
327 2063 486 2104 passionis
511 2063 690 2104 praemium
853 2064 884 2096 5.
911 2065 1009 2102 (guam
1035 2062 1156 2103 praedo
1182 2061 1358 2102 pudicitiae

214 2112 301 2144 Dum
324 2110 431 2143 tendit
457 2110 647 2154 adipiscere,
907 2111 992 2144 Dum
1015 2111 1101 2142 inter
1125 2109 1254 2141 umbras
1280 2109 1432 2149 sequitur.

216 2159 312 2192 Ultro
338 2159 379 2191 ad
405 2158 601 2198 palaestram
626 2159 748 2199 gloriae
909 2159 1025 2191 Oblata
1050 2157 1210 2196 extemplo
1237 2156 1369 2188 caelitus

213 2207 326 2239 Audet
350 2207 501 2247 prompta
526 2214 726 2240 concurrere.
907 2206 1091 2239 Secluditur
1115 2203 1265 2236 maceria.

155 2266 187 2298 3.
212 2264 608 2304 Haecnamqueastantem
622 2264 785 2296 daemonis
849 2265 881 2297 6.
907 2264 1024 2296 Vincta
1050 2260 1167 2294 deinde
1190 2260 1301 2299 stipite

214 2312 357 2345 Gemens
384 2310 485 2343 allisit
510 2308 659 2351 effigiem,
907 2310 1048 2343 Profana
1071 2316 1150 2340 voce
1172 2307 1339 2348 illuditur-3

213 2360 279 2393 Sub
306 2360 394 2393 cuius
418 2359 511 2399 larga
534 2358 698 2399 perpetim
907 2358 971 2391 Sed
996 2365 1116 2399 poenas
1141 2353 1206 2386 fert
1230 2355 1439 2397 blasphemia,

211 2409 353 2442 Fluebat
376 2407 464 2442 unda
490 2406 667 2447 gressibus
906 2406 1028 2439 Ruinas
1054 2407 1086 2436 et
1110 2402 1270 2435 incendia.
