1650 2610
380 241 432 274 18.

377 484 430 517 19.

380 727 434 760 20.

378 972 433 1003 21.

378 1215 432 1246 22.

380 1457 434 1489 23.

383 1702 438 1734 24.

384 1947 438 1979 25.

385 2193 439 2225 26.

726 143 978 177 -204—

459 243 578 274 Truces
602 240 762 271 ministros
786 237 959 270 inferorum
984 236 1118 274 viderat,

458 289 593 327 Quorum
617 287 730 318 ducatu
755 286 885 325 pronior
908 293 967 325 per
990 285 1114 315 tartara

456 335 618 367 Deductus
642 334 711 373 ipse
735 333 810 365 hinc
833 333 949 373 abysso
975 331 1130 370 haeserat,

454 383 538 414 Hinc
562 383 646 413 sorte
670 380 780 412 mortis
804 379 957 411 liberatus
983 378 1090 409 exiens

456 428 613 460 Christum
639 426 766 466 fatetur,
793 427 916 460 Iuliano
942 425 1088 457 nectitur.

456 485 515 524 Qui
540 486 723 516 consecutus
748 484 882 524 gratiam
907 482 1108 522 baptismatis

453 531 584 563 Athleta
610 529 727 562 Christi
751 529 842 562 fortis
867 531 953 562 idem
981 528 1083 561 factus
1109 531 1167 568 est,

453 577 535 609 Fide
558 580 701 617 novatus,
728 578 861 610 caritate
885 577 1039 616 fervidus,

453 624 505 656 Ex
526 627 720 656 sacramento
747 625 850 656 dictus
875 624 1073 666 Anastasius,

454 672 574 711 Agonis
599 679 673 703 arce
699 680 767 703 cum
791 672 893 704 beatis
917 671 1028 703 utitur.

460 730 586 760 Aurora
610 726 733 767 fulgens
755 728 818 760 iam
845 729 928 761 diem
953 727 1135 767 reduxerat,

456 774 572 807 Parata
595 783 696 814 poena
720 776 883 807 nuntiatur
906 775 1063 815 praesidi,

457 821 565 861 Cupae
588 822 725 853 minaces
748 823 811 854 iam
836 823 978 862 repletae
1002 821 1164 862 sulphure,

455 869 601 909 Picisque
625 871 760 909 stuppae
782 870 882 911 copia,
909 869 1107 908 bituminum,

456 914 609 955 Suscepta
633 916 773 948 membra
797 926 858 949 non
884 919 1038 956 perurunt
1061 918 1245 954 martyrum.

455 971 607 1003 Flammis
634 973 795 1004 cremandi
819 977 975 1014 martyres
1002 972 1137 1011 depositi

456 1020 591 1050 Astante
615 1019 708 1059 vulgo
733 1020 836 1058 plebis
863 1023 894 1051 et
918 1018 1096 1058 frequentia

456 1065 636 1098 Probantur
658 1066 731 1105 igne
756 1075 827 1098 mox
852 1071 888 1098 ut
911 1076 1021 1099 aurum
1046 1065 1211 1105 fulgidum,

458 1111 602 1144 Clamore
625 1122 686 1144 uno
711 1116 936 1154 concrepantes
962 1113 1078 1154 singuli

457 1159 559 1191 Melos
584 1159 623 1190 ab
648 1159 721 1200 igne
746 1161 892 1192 carminis
918 1160 1077 1193 Davidici.

459 1215 668 1254 Consumptus
692 1216 773 1256 ignis
801 1218 955 1256 gloriosos
980 1219 1137 1256 martyres

457 1262 603 1294 Ostendit
625 1265 717 1294 aucta
744 1264 906 1304 dignitatis
931 1264 1041 1304 gloria,

458 1309 655 1349 Tantumque
679 1311 725 1341 rei
752 1312 958 1351 comprobans
983 1312 1179 1353 miraculum,

459 1356 589 1389 Praeses
614 1357 697 1395 quod
721 1361 795 1389 ante
818 1358 1001 1390 Marcianus
1026 1358 1209 1400 sponderat,

459 1402 596 1434 Matrem
621 1403 713 1435 beato
737 1405 838 1436 tradit
862 1406 945 1437 idem
972 1406 1086 1438 Celsio.

460 1458 550 1490 Haec
575 1463 765 1492 commorata
788 1462 966 1501 promptior
992 1470 1061 1493 cum
1087 1460 1153 1493 filio

461 1504 576 1537 Gratos
600 1506 731 1537 odorum
755 1516 832 1538 nare
857 1507 979 1540 fruetus
1005 1509 1142 1547 excipit,

460 1551 544 1583 Hinc
568 1553 732 1584 suavitatis
757 1554 819 1585 iam
842 1555 962 1587 refecta
986 1559 1114 1587 nectare

462 1599 657 1632 Oblivionem
682 1609 754 1632 mox
781 1601 923 1634 dolorum
948 1603 1091 1642 sustinet,

463 1645 614 1678 Confessa
637 1647 795 1679 Christum
820 1649 906 1682 laeta
931 1650 1027 1681 eorde
1052 1652 1085 1681 et
1109 1658 1251 1690 corpore.

464 1702 549 1741 Quae
574 1702 673 1734 tincta
697 1702 793 1736 fontis
818 1706 1010 1738 sacrosancti
1033 1707 1158 1746 gurgite

461 1749 504 1781 Et
528 1750 619 1789 prole
643 1754 717 1782 nata
739 1761 796 1784 usa
819 1756 912 1792 patre
934 1751 1011 1793 filio,

463 1796 575 1829 Calore
600 1796 725 1829 fervens
752 1799 924 1832 Christiani
949 1800 1082 1832 nominis

462 1843 502 1875 Se
524 1848 746 1885 persequentes
771 1848 923 1879 caecitate
946 1848 1087 1887 percutit

462 1890 639 1931 Torumque
664 1896 750 1925 casta
775 1896 938 1935 coniugale
962 1895 1080 1927 abnuit.

465 1947 553 1979 Tune
578 1948 759 1982 Marcianus
785 1952 844 1983 hoc
868 1961 994 1984 suorum
1020 1951 1130 1983 funere

466 1995 635 2027 Percussus
660 2000 766 2029 astans
793 2000 912 2039 excipit
935 2000 1048 2031 vulnus
1072 2008 1206 2040 novum;

463 2041 542 2073 Nam
569 2051 646 2074 voce
671 2044 757 2077 clara
781 2046 956 2086 imprecatu
980 2050 1156 2087 martyrum

464 2088 633 2121 Submersa
656 2093 767 2131 templi
791 2094 995 2133 pulchritudo
1022 2094 1155 2137 deperit,

464 2135 690 2177 Templumque
713 2139 816 2179 ipsum
841 2144 946 2173 terrae
970 2141 1075 2172 hiatus
1102 2139 1306 2184 (ah)sorbuit.

466 2193 592 2226 Abhinc
617 2199 708 2227 atrox
733 2197 796 2227 iam
821 2197 978 2238 praesidis
1003 2198 1110 2229 minax
1135 2197 1224 2231 furor

465 2240 588 2273 Sanctis
614 2244 759 2274 crematis
785 2247 816 2275 et
840 2245 1013 2284 peremptis
1044 2246 1157 2277 ceteris

463 2288 541 2321 Mox
567 2289 690 2322 Iuliano
714 2294 745 2321 et
769 2291 861 2324 beato
888 2291 990 2324 Celsio

467 2335 575 2368 Cutem
600 2337 731 2369 revulsit
756 2339 885 2378 gloriosi
910 2340 1048 2380 verticis,

467 2383 549 2422 Quos
575 2387 606 2415 et
631 2382 768 2416 ferarum
789 2394 863 2417 mox
887 2386 1012 2426 subegit
1035 2387 1200 2419 morsibus
