<?xml version="1.0" encoding="UTF-8"?>
<!DOCTYPE html PUBLIC "-//W3C//DTD XHTML 1.0 Transitional//EN"
    "http://www.w3.org/TR/xhtml1/DTD/xhtml1-transitional.dtd">
<html xmlns="http://www.w3.org/1999/xhtml" xml:lang="en" lang="en">
 <head>
  <title>
</title>
<meta http-equiv="Content-Type" content="text/html;charset=utf-8" />
  <meta name='ocr-system' content='tesseract 3.04.00' />
  <meta name='ocr-capabilities' content='ocr_page ocr_carea ocr_par ocr_line ocrx_word'/>
</head>
<body>
  <div class='ocr_page' id='page_1' title='image "./analectahymnica27drevuoft_00125.png"; bbox 0 0 1650 2610; ppageno 0'>
   <div class='ocr_carea' id='block_1_1' title="bbox 679 126 939 162">
    <p class='ocr_par' dir='ltr' id='par_1_1' title="bbox 679 126 939 162">
     <span class='ocr_line' id='line_1_1' title="bbox 679 126 939 162; baseline -0.012 1"><span class='ocrx_word' id='word_1_1' title='bbox 679 126 939 162; x_wconf 79' lang='lat'>—122—</span> 
     </span>
    </p>
   </div>
   <div class='ocr_carea' id='block_1_2' title="bbox 422 219 1129 407">
    <p class='ocr_par' dir='ltr' id='par_1_2' title="bbox 422 219 1129 407">
     <span class='ocr_line' id='line_1_2' title="bbox 422 219 1115 264; baseline -0.013 -5"><span class='ocrx_word' id='word_1_2' title='bbox 422 227 452 260; x_wconf 86' lang='grc'><strong>’7.</strong></span> <span class='ocrx_word' id='word_1_3' title='bbox 479 226 620 264; x_wconf 84' lang='lat' dir='ltr'><strong>Oramus,</strong></span> <span class='ocrx_word' id='word_1_4' title='bbox 648 223 774 256; x_wconf 88' lang='lat' dir='ltr'><strong>domina</strong></span> <span class='ocrx_word' id='word_1_5' title='bbox 796 222 860 253; x_wconf 86' lang='lat' dir='ltr'><strong>iam</strong></span> <span class='ocrx_word' id='word_1_6' title='bbox 883 221 980 262; x_wconf 87' lang='lat' dir='ltr'><strong>plena</strong></span> <span class='ocrx_word' id='word_1_7' title='bbox 1003 219 1115 261; x_wconf 78' lang='lat' dir='ltr'><strong>gratia,</strong></span> 
     </span>
     <span class='ocr_line' id='line_1_3' title="bbox 481 266 1110 307; baseline -0.011 -3"><span class='ocrx_word' id='word_1_8' title='bbox 481 273 649 305; x_wconf 81' lang='lat' dir='ltr'><strong>Gementes</strong></span> <span class='ocrx_word' id='word_1_9' title='bbox 671 271 819 302; x_wconf 73' lang='lat' dir='ltr'>lacrimas</span> <span class='ocrx_word' id='word_1_10' title='bbox 844 271 939 307; x_wconf 79' lang='lat' dir='ltr'><strong>atquc</strong></span> <span class='ocrx_word' id='word_1_11' title='bbox 961 266 1110 306; x_wconf 74' lang='lat' dir='ltr'><strong>suspiria,</strong></span> 
     </span>
     <span class='ocr_line' id='line_1_4' title="bbox 481 313 1129 355; baseline -0.011 -4"><span class='ocrx_word' id='word_1_12' title='bbox 481 320 550 352; x_wconf 82' lang='lat' dir='ltr'><strong>Tua</strong></span> <span class='ocrx_word' id='word_1_13' title='bbox 572 321 608 349; x_wconf 86' lang='lat' dir='ltr'><strong>ut</strong></span> <span class='ocrx_word' id='word_1_14' title='bbox 630 318 782 349; x_wconf 88' lang='lat' dir='ltr'><strong>Dominus</strong></span> <span class='ocrx_word' id='word_1_15' title='bbox 806 323 903 355; x_wconf 82' lang='lat' dir='ltr'>prece</span> <span class='ocrx_word' id='word_1_16' title='bbox 928 313 1129 346; x_wconf 83' lang='lat' dir='ltr'><strong>sanctissima</strong></span> 
     </span>
     <span class='ocr_line' id='line_1_5' title="bbox 480 360 1067 407; baseline -0.014 -8"><span class='ocrx_word' id='word_1_17' title='bbox 480 368 628 407; x_wconf 80' lang='lat' dir='ltr'><strong>Ignoscat</strong></span> <span class='ocrx_word' id='word_1_18' title='bbox 652 363 794 396; x_wconf 89' lang='lat' dir='ltr'><strong>omnibus</strong></span> <span class='ocrx_word' id='word_1_19' title='bbox 821 363 891 394; x_wconf 83' lang='lat' dir='ltr'><strong>dira</strong></span> <span class='ocrx_word' id='word_1_20' title='bbox 916 360 1067 393; x_wconf 85' lang='lat' dir='ltr'><strong>facinora.</strong></span> 
     </span>
    </p>
   </div>
   <div class='ocr_carea' id='block_1_3' title="bbox 424 437 1135 618">
    <p class='ocr_par' dir='ltr' id='par_1_3' title="bbox 424 437 1135 618">
     <span class='ocr_line' id='line_1_6' title="bbox 424 437 1047 477; baseline -0.006 -6"><span class='ocrx_word' id='word_1_21' title='bbox 424 442 455 475; x_wconf 79' lang='lat'><strong>8,</strong></span> <span class='ocrx_word' id='word_1_22' title='bbox 480 442 543 474; x_wconf 85' lang='lat' dir='ltr'><strong>Per</strong></span> <span class='ocrx_word' id='word_1_23' title='bbox 566 442 600 470; x_wconf 85' lang='lat' dir='ltr'><strong>te</strong></span> <span class='ocrx_word' id='word_1_24' title='bbox 623 439 768 470; x_wconf 80' lang='lat' dir='ltr'><strong>altissimi</strong></span> <span class='ocrx_word' id='word_1_25' title='bbox 793 437 876 477; x_wconf 84' lang='lat' dir='ltr'><strong>regis</strong></span> <span class='ocrx_word' id='word_1_26' title='bbox 898 437 1047 468; x_wconf 77' lang='lat' dir='ltr'><strong>auxilium</strong></span> 
     </span>
     <span class='ocr_line' id='line_1_7' title="bbox 480 482 1135 525; baseline -0.008 -7"><span class='ocrx_word' id='word_1_27' title='bbox 480 487 608 520; x_wconf 86' lang='lat' dir='ltr'><strong>Cunctis</strong></span> <span class='ocrx_word' id='word_1_28' title='bbox 635 486 829 525; x_wconf 78' lang='lat' dir='ltr'><strong>exposcimus</strong></span> <span class='ocrx_word' id='word_1_29' title='bbox 854 483 990 516; x_wconf 88' lang='lat' dir='ltr'><strong>fidenter</strong></span> <span class='ocrx_word' id='word_1_30' title='bbox 1014 482 1135 524; x_wconf 82' lang='lat' dir='ltr'><strong>famuli,</strong></span> 
     </span>
     <span class='ocr_line' id='line_1_8' title="bbox 479 529 1072 572; baseline -0.005 -8"><span class='ocrx_word' id='word_1_31' title='bbox 479 534 580 565; x_wconf 87' lang='lat' dir='ltr'><strong>Detur</strong></span> <span class='ocrx_word' id='word_1_32' title='bbox 605 533 778 572; x_wconf 82' lang='lat' dir='ltr'><strong>virginibus</strong></span> <span class='ocrx_word' id='word_1_33' title='bbox 801 532 896 571; x_wconf 86' lang='lat' dir='ltr'><strong>plena</strong></span> <span class='ocrx_word' id='word_1_34' title='bbox 917 529 1072 570; x_wconf 80' lang='lat' dir='ltr'><strong>perfectio</strong></span> 
     </span>
     <span class='ocr_line' id='line_1_9' title="bbox 477 578 1059 618; baseline -0.003 -7"><span class='ocrx_word' id='word_1_35' title='bbox 477 581 521 612; x_wconf 82' lang='lat' dir='ltr'><strong>Et</strong></span> <span class='ocrx_word' id='word_1_36' title='bbox 546 579 776 611; x_wconf 85' lang='lat' dir='ltr'><strong>continentibus</strong></span> <span class='ocrx_word' id='word_1_37' title='bbox 801 579 905 618; x_wconf 84' lang='lat' dir='ltr'><strong>gratia</strong></span> <span class='ocrx_word' id='word_1_38' title='bbox 927 578 1059 610; x_wconf 85' lang='lat' dir='ltr'><strong>auctior.</strong></span> 
     </span>
    </p>
   </div>
   <div class='ocr_carea' id='block_1_4' title="bbox 420 653 1177 835">
    <p class='ocr_par' dir='ltr' id='par_1_4' title="bbox 420 653 1177 788">
     <span class='ocr_line' id='line_1_10' title="bbox 420 653 1177 694; baseline -0.005 -7"><span class='ocrx_word' id='word_1_39' title='bbox 420 657 450 688; x_wconf 88' lang='lat'><strong>9.</strong></span> <span class='ocrx_word' id='word_1_40' title='bbox 477 655 610 694; x_wconf 77' lang='lat' dir='ltr'><strong>Largire</strong></span> <span class='ocrx_word' id='word_1_41' title='bbox 633 654 790 686; x_wconf 82' lang='lat' dir='ltr'><strong>mentibus</strong></span> <span class='ocrx_word' id='word_1_42' title='bbox 814 653 941 693; x_wconf 86' lang='lat' dir='ltr'><strong>nostris,</strong></span> <span class='ocrx_word' id='word_1_43' title='bbox 968 653 1177 693; x_wconf 80' lang='lat' dir='ltr'><strong>omnipotens,</strong></span> 
     </span>
     <span class='ocr_line' id='line_1_11' title="bbox 478 701 1079 741; baseline -0.003 -8"><span class='ocrx_word' id='word_1_44' title='bbox 478 701 600 741; x_wconf 82' lang='lat' dir='ltr'><strong>Illapsu</strong></span> <span class='ocrx_word' id='word_1_45' title='bbox 624 702 755 740; x_wconf 86' lang='lat' dir='ltr'><strong>spiritus</strong></span> <span class='ocrx_word' id='word_1_46' title='bbox 781 701 864 732; x_wconf 85' lang='lat' dir='ltr'><strong>vitae</strong></span> <span class='ocrx_word' id='word_1_47' title='bbox 892 701 1079 732; x_wconf 79' lang='lat' dir='ltr'><strong>munditiam</strong></span> 
     </span>
     <span class='ocr_line' id='line_1_12' title="bbox 471 747 1000 788; baseline -0.004 -7"><span class='ocrx_word' id='word_1_48' title='bbox 471 749 566 782; x_wconf 80' lang='lat' dir='ltr'><strong>Pulso</strong></span> <span class='ocrx_word' id='word_1_49' title='bbox 590 747 713 780; x_wconf 83' lang='lat' dir='ltr'><strong>nefario</strong></span> <span class='ocrx_word' id='word_1_50' title='bbox 737 749 813 780; x_wconf 74' lang='lat' dir='ltr'><strong>luxu</strong></span> <span class='ocrx_word' id='word_1_51' title='bbox 838 756 1000 788; x_wconf 86' lang='lat' dir='ltr'><strong>corporeo,</strong></span> 
     </span>
    </p>

    <p class='ocr_par' dir='ltr' id='par_1_5' title="bbox 477 794 1041 835">
     <span class='ocr_line' id='line_1_13' title="bbox 477 794 1041 835; baseline 0 -7"><span class='ocrx_word' id='word_1_52' title='bbox 477 797 606 835; x_wconf 85' lang='lat' dir='ltr'><strong>Tuoque</strong></span> <span class='ocrx_word' id='word_1_53' title='bbox 631 796 750 827; x_wconf 87' lang='lat' dir='ltr'><strong>nomini</strong></span> <span class='ocrx_word' id='word_1_54' title='bbox 776 795 887 835; x_wconf 84' lang='lat' dir='ltr'><strong>dignos</strong></span> <span class='ocrx_word' id='word_1_55' title='bbox 913 794 1041 828; x_wconf 87' lang='lat' dir='ltr'><strong>efficito.</strong></span> 
     </span>
    </p>
   </div>
   <div class='ocr_carea' id='block_1_5' title="bbox 397 869 1182 1051">
    <p class='ocr_par' dir='ltr' id='par_1_6' title="bbox 397 869 1182 1051">
     <span class='ocr_line' id='line_1_14' title="bbox 397 869 1117 911; baseline -0.006 -7"><span class='ocrx_word' id='word_1_56' title='bbox 397 870 451 904; x_wconf 88' lang='lat'><strong>10.</strong></span> <span class='ocrx_word' id='word_1_57' title='bbox 478 871 527 903; x_wconf 83' lang='lat' dir='ltr'><strong>Sit</strong></span> <span class='ocrx_word' id='word_1_58' title='bbox 550 870 608 901; x_wconf 87' lang='lat' dir='ltr'><strong>tibi</strong></span> <span class='ocrx_word' id='word_1_59' title='bbox 632 871 732 911; x_wconf 84' lang='lat' dir='ltr'><strong>gloria</strong></span> <span class='ocrx_word' id='word_1_60' title='bbox 756 878 881 909; x_wconf 84' lang='lat' dir='ltr'><strong>semper</strong></span> <span class='ocrx_word' id='word_1_61' title='bbox 907 878 974 901; x_wconf 87' lang='lat' dir='ltr'><strong>cum</strong></span> <span class='ocrx_word' id='word_1_62' title='bbox 1000 869 1117 910; x_wconf 83' lang='lat' dir='ltr'><strong>genito,</strong></span> 
     </span>
     <span class='ocr_line' id='line_1_15' title="bbox 478 918 1028 957; baseline -0.002 -8"><span class='ocrx_word' id='word_1_63' title='bbox 478 918 586 956; x_wconf 86' lang='lat' dir='ltr'><strong>Sitque</strong></span> <span class='ocrx_word' id='word_1_64' title='bbox 610 918 765 956; x_wconf 71' lang='lat' dir='ltr'><strong>paraclito</strong></span> <span class='ocrx_word' id='word_1_65' title='bbox 790 926 853 948; x_wconf 83' lang='lat' dir='ltr'><strong>una</strong></span> <span class='ocrx_word' id='word_1_66' title='bbox 876 918 1028 957; x_wconf 74' lang='lat' dir='ltr'><strong>potentia,</strong></span> 
     </span>
     <span class='ocr_line' id='line_1_16' title="bbox 478 962 1056 1004; baseline 0 -8"><span class='ocrx_word' id='word_1_67' title='bbox 478 965 524 996; x_wconf 89' lang='lat' dir='ltr'><strong>Sit</strong></span> <span class='ocrx_word' id='word_1_68' title='bbox 550 965 611 995; x_wconf 88' lang='lat' dir='ltr'><strong>tuis</strong></span> <span class='ocrx_word' id='word_1_69' title='bbox 636 965 770 995; x_wconf 87' lang='lat' dir='ltr'><strong>servulis</strong></span> <span class='ocrx_word' id='word_1_70' title='bbox 795 962 919 1003; x_wconf 87' lang='lat' dir='ltr'><strong>proflua</strong></span> <span class='ocrx_word' id='word_1_71' title='bbox 943 965 1056 1004; x_wconf 81' lang='lat' dir='ltr'><strong>gratia,</strong></span> 
     </span>
     <span class='ocr_line' id='line_1_17' title="bbox 478 1010 1182 1051; baseline -0.003 -7"><span class='ocrx_word' id='word_1_72' title='bbox 478 1013 574 1044; x_wconf 87' lang='lat' dir='ltr'><strong>Pater</strong></span> <span class='ocrx_word' id='word_1_73' title='bbox 598 1012 805 1050; x_wconf 74' lang='lat' dir='ltr'><strong>omnipotenS,</strong></span> <span class='ocrx_word' id='word_1_74' title='bbox 833 1014 945 1042; x_wconf 86' lang='lat' dir='ltr'><strong>cuncta</strong></span> <span class='ocrx_word' id='word_1_75' title='bbox 965 1020 1023 1051; x_wconf 87' lang='lat' dir='ltr'><strong>per</strong></span> <span class='ocrx_word' id='word_1_76' title='bbox 1047 1010 1182 1042; x_wconf 86' lang='lat' dir='ltr'><strong>saecula.</strong></span> 
     </span>
    </p>
   </div>
   <div class='ocr_carea' id='block_1_6' title="bbox 235 1092 1463 1130">
    <p class='ocr_par' dir='ltr' id='par_1_7' title="bbox 235 1092 1463 1130">
     <span class='ocr_line' id='line_1_18' title="bbox 235 1092 1463 1130; baseline -0.002 -7"><span class='ocrx_word' id='word_1_77' title='bbox 235 1095 309 1124; x_wconf 79' lang='lat' dir='ltr'>LSd.</span> <span class='ocrx_word' id='word_1_78' title='bbox 336 1110 373 1114; x_wconf 97' lang='lat'><strong>—</strong></span> <span class='ocrx_word' id='word_1_79' title='bbox 400 1094 432 1129; x_wconf 80' lang='lat'><strong>1,</strong></span> <span class='ocrx_word' id='word_1_80' title='bbox 454 1094 469 1122; x_wconf 82' lang='lat'>1</span> <span class='ocrx_word' id='word_1_81' title='bbox 493 1094 602 1130; x_wconf 76' lang='lat' dir='ltr'><strong>gaudii.</strong></span> <span class='ocrx_word' id='word_1_82' title='bbox 626 1109 665 1113; x_wconf 97' lang='lat'>—</span> <span class='ocrx_word' id='word_1_83' title='bbox 695 1092 729 1127; x_wconf 82' lang='lat'><strong>2,</strong></span> <span class='ocrx_word' id='word_1_84' title='bbox 750 1092 769 1120; x_wconf 82' lang='lat'>2</span> <span class='ocrx_word' id='word_1_85' title='bbox 795 1095 887 1129; x_wconf 79' lang='lat' dir='ltr'><strong>regio.</strong></span> <span class='ocrx_word' id='word_1_86' title='bbox 912 1109 948 1112; x_wconf 97' lang='lat'><strong>—</strong></span> <span class='ocrx_word' id='word_1_87' title='bbox 973 1092 1006 1126; x_wconf 82' lang='lat'><strong>2,</strong></span> <span class='ocrx_word' id='word_1_88' title='bbox 1027 1092 1047 1121; x_wconf 80' lang='lat'>4</span> <span class='ocrx_word' id='word_1_89' title='bbox 1072 1094 1219 1127; x_wconf 70' lang='lat' dir='ltr'><strong>renitens,</strong></span> <span class='ocrx_word' id='word_1_90' title='bbox 1243 1092 1396 1121; x_wconf 75' lang='lat' dir='ltr'><strong>vielleicht.</strong></span> <span class='ocrx_word' id='word_1_91' title='bbox 1419 1092 1463 1120; x_wconf 81' lang='lat' dir='ltr'><strong>als</strong></span> 
     </span>
    </p>
   </div>
   <div class='ocr_carea' id='block_1_7' title="bbox 160 1129 1464 1244">
    <p class='ocr_par' dir='ltr' id='par_1_8' title="bbox 160 1129 1464 1244">
     <span class='ocr_line' id='line_1_19' title="bbox 162 1129 1464 1170; baseline -0.002 -11"><span class='ocrx_word' id='word_1_92' title='bbox 162 1137 264 1170; x_wconf 62' lang='lat' dir='ltr'><strong>spurvrt</strong></span> <span class='ocrx_word' id='word_1_93' title='bbox 292 1133 499 1166; x_wconf 70' lang='lat' dir='ltr'><strong>Nachbildung·</strong></span> <span class='ocrx_word' id='word_1_94' title='bbox 523 1140 582 1158; x_wconf 74' lang='lat' dir='ltr'><strong>von</strong></span> <span class='ocrx_word' id='word_1_95' title='bbox 610 1133 707 1159; x_wconf 64' lang='lat' dir='ltr'><strong>nitens</strong></span> <span class='ocrx_word' id='word_1_96' title='bbox 734 1131 869 1159; x_wconf 81' lang='lat' dir='ltr'><strong>wirklich</strong></span> <span class='ocrx_word' id='word_1_97' title='bbox 895 1140 926 1159; x_wconf 92' lang='lat' dir='ltr'><strong>so</strong></span> <span class='ocrx_word' id='word_1_98' title='bbox 948 1141 985 1158; x_wconf 85' lang='lat' dir='ltr'><strong>zu</strong></span> <span class='ocrx_word' id='word_1_99' title='bbox 1006 1131 1167 1158; x_wconf 51' lang='lat' dir='ltr'><strong>schim-iheu.</strong></span> <span class='ocrx_word' id='word_1_100' title='bbox 1187 1146 1225 1149; x_wconf 97' lang='lat'><strong>—</strong></span> <span class='ocrx_word' id='word_1_101' title='bbox 1244 1129 1275 1166; x_wconf 87' lang='lat'><strong>4,</strong></span> <span class='ocrx_word' id='word_1_102' title='bbox 1297 1129 1314 1159; x_wconf 83' lang='lat'><strong>3</strong></span> <span class='ocrx_word' id='word_1_103' title='bbox 1334 1132 1405 1158; x_wconf 84' lang='lat' dir='ltr'><strong>vita.</strong></span> <span class='ocrx_word' id='word_1_104' title='bbox 1425 1146 1464 1150; x_wconf 97' lang='lat'>—</span> 
     </span>
     <span class='ocr_line' id='line_1_20' title="bbox 160 1167 1446 1206; baseline -0.002 -8"><span class='ocrx_word' id='word_1_105' title='bbox 160 1170 185 1202; x_wconf 77' lang='lat'><strong>5,</strong></span> <span class='ocrx_word' id='word_1_106' title='bbox 205 1170 222 1199; x_wconf 75' lang='lat'><strong>:3</strong></span> <span class='ocrx_word' id='word_1_107' title='bbox 243 1170 369 1197; x_wconf 82' lang='lat' dir='ltr'><strong>chorum.</strong></span> <span class='ocrx_word' id='word_1_108' title='bbox 448 1169 472 1203; x_wconf 78' lang='lat'><strong>(5,</strong></span> <span class='ocrx_word' id='word_1_109' title='bbox 491 1169 504 1197; x_wconf 83' lang='lat'>1</span> <span class='ocrx_word' id='word_1_110' title='bbox 525 1170 614 1196; x_wconf 85' lang='lat' dir='ltr'><strong>Tunc.</strong></span> <span class='ocrx_word' id='word_1_111' title='bbox 692 1169 718 1202; x_wconf 83' lang='lat'><strong>7,</strong></span> <span class='ocrx_word' id='word_1_112' title='bbox 735 1167 752 1195; x_wconf 81' lang='lat'>2</span> <span class='ocrx_word' id='word_1_113' title='bbox 771 1179 799 1197; x_wconf 77' lang='grc' dir='ltr'><strong>ιι.</strong></span> <span class='ocrx_word' id='word_1_114' title='bbox 821 1167 838 1196; x_wconf 80' lang='grc'>3</span> <span class='ocrx_word' id='word_1_115' title='bbox 858 1170 1039 1206; x_wconf 73' lang='lat' dir='ltr'><strong>umgestellt,</strong></span> <span class='ocrx_word' id='word_1_116' title='bbox 1069 1177 1154 1196; x_wconf 82' lang='lat' dir='ltr'><strong>wenn</strong></span> <span class='ocrx_word' id='word_1_117' title='bbox 1175 1172 1250 1196; x_wconf 82' lang='lat' dir='ltr'><strong>etwa</strong></span> <span class='ocrx_word' id='word_1_118' title='bbox 1289 1170 1411 1196; x_wconf 86' lang='lat' dir='ltr'><strong>ementis</strong></span> <span class='ocrx_word' id='word_1_119' title='bbox 1425 1181 1446 1190; x_wconf 85' lang='lat'>=</span> 
     </span>
     <span class='ocr_line' id='line_1_21' title="bbox 160 1205 1462 1244; baseline -0.002 -8"><span class='ocrx_word' id='word_1_120' title='bbox 160 1208 348 1244; x_wconf 63' lang='lat' dir='ltr'><strong>gementibus.</strong></span> <span class='ocrx_word' id='word_1_121' title='bbox 373 1209 412 1234; x_wconf 78' lang='lat' dir='ltr'><strong>ist</strong></span> <span class='ocrx_word' id='word_1_122' title='bbox 430 1208 475 1235; x_wconf 72' lang='lat' dir='ltr'><strong>dic</strong></span> <span class='ocrx_word' id='word_1_123' title='bbox 490 1207 675 1243; x_wconf 84' lang='lat' dir='ltr'><strong>Urnstelhmg</strong></span> <span class='ocrx_word' id='word_1_124' title='bbox 697 1207 779 1235; x_wconf 81' lang='lat' dir='ltr'><strong>nicht</strong></span> <span class='ocrx_word' id='word_1_125' title='bbox 797 1209 887 1244; x_wconf 70' lang='lat' dir='ltr'><strong>ni&#39;tig.</strong></span> <span class='ocrx_word' id='word_1_126' title='bbox 901 1222 940 1226; x_wconf 97' lang='lat'><strong>—</strong></span> <span class='ocrx_word' id='word_1_127' title='bbox 962 1207 988 1240; x_wconf 88' lang='grc'><strong>7,</strong></span> <span class='ocrx_word' id='word_1_128' title='bbox 1003 1205 1021 1234; x_wconf 86' lang='lat'>2</span> <span class='ocrx_word' id='word_1_129' title='bbox 1040 1215 1149 1243; x_wconf 74' lang='lat' dir='ltr'><strong>preces.</strong></span> <span class='ocrx_word' id='word_1_130' title='bbox 1168 1221 1176 1225; x_wconf 97' lang='lat'>-</span> <span class='ocrx_word' id='word_1_131' title='bbox 1227 1206 1253 1240; x_wconf 85' lang='lat'><strong>7,</strong></span> <span class='ocrx_word' id='word_1_132' title='bbox 1299 1209 1462 1244; x_wconf 81' lang='lat' dir='ltr'><strong>ignoscant.</strong></span> 
     </span>
    </p>
   </div>
   <div class='ocr_carea' id='block_1_8' title="bbox 158 1242 1464 1356">
    <p class='ocr_par' dir='ltr' id='par_1_9' title="bbox 158 1242 1464 1356">
     <span class='ocr_line' id='line_1_22' title="bbox 160 1242 1462 1281; baseline -0.001 -8"><span class='ocrx_word' id='word_1_133' title='bbox 160 1262 196 1265; x_wconf 97' lang='lat'><strong>—</strong></span> <span class='ocrx_word' id='word_1_134' title='bbox 217 1245 243 1279; x_wconf 85' lang='lat'><strong>9,</strong></span> <span class='ocrx_word' id='word_1_135' title='bbox 263 1243 281 1271; x_wconf 84' lang='lat'>2</span> <span class='ocrx_word' id='word_1_136' title='bbox 301 1247 407 1280; x_wconf 56' lang='lat' dir='ltr'><strong>spiritu</strong></span> <span class='ocrx_word' id='word_1_137' title='bbox 425 1257 426 1268; x_wconf 57' lang='lat' dir='ltr'><strong>i</strong></span> <span class='ocrx_word' id='word_1_138' title='bbox 442 1244 584 1272; x_wconf 61' lang='lat' dir='ltr'><strong>xielleicht</strong></span> <span class='ocrx_word' id='word_1_139' title='bbox 606 1245 714 1281; x_wconf 81' lang='lat' dir='ltr'><strong>Illapso</strong></span> <span class='ocrx_word' id='word_1_140' title='bbox 736 1246 886 1280; x_wconf 75' lang='lat' dir='ltr'><strong>spi1·itu?);</strong></span> <span class='ocrx_word' id='word_1_141' title='bbox 907 1245 1059 1272; x_wconf 68' lang='lat' dir='ltr'><strong>munditia.</strong></span> <span class='ocrx_word' id='word_1_142' title='bbox 1080 1259 1117 1263; x_wconf 38' lang='lat' dir='ltr'><strong>ff·</strong></span> <span class='ocrx_word' id='word_1_143' title='bbox 1138 1243 1163 1278; x_wconf 88' lang='grc'><strong>9,</strong></span> <span class='ocrx_word' id='word_1_144' title='bbox 1179 1242 1196 1272; x_wconf 81' lang='lat'><strong>3</strong></span> <span class='ocrx_word' id='word_1_145' title='bbox 1216 1245 1343 1272; x_wconf 86' lang='lat' dir='ltr'><strong>Pellens.</strong></span> <span class='ocrx_word' id='word_1_146' title='bbox 1356 1245 1462 1272; x_wconf 80' lang='lat' dir='ltr'><strong>—Be-</strong></span> 
     </span>
     <span class='ocr_line' id='line_1_23' title="bbox 158 1281 1464 1318; baseline -0.002 -7"><span class='ocrx_word' id='word_1_147' title='bbox 158 1284 348 1311; x_wconf 67' lang='lat' dir='ltr'><strong>achtenswcrt</strong></span> <span class='ocrx_word' id='word_1_148' title='bbox 361 1283 425 1309; x_wconf 86' lang='lat' dir='ltr'><strong>sind</strong></span> <span class='ocrx_word' id='word_1_149' title='bbox 440 1283 480 1310; x_wconf 72' lang='lat' dir='ltr'><strong>die</strong></span> <span class='ocrx_word' id='word_1_150' title='bbox 500 1283 803 1318; x_wconf 64' lang='lat' dir='ltr'><strong>vrischicdenartigen</strong></span> <span class='ocrx_word' id='word_1_151' title='bbox 816 1283 1021 1316; x_wconf 85' lang='lat' dir='ltr'><strong>Reimformen,</strong></span> <span class='ocrx_word' id='word_1_152' title='bbox 1036 1283 1083 1311; x_wconf 84' lang='lat' dir='ltr'><strong>die</strong></span> <span class='ocrx_word' id='word_1_153' title='bbox 1098 1284 1167 1310; x_wconf 82' lang='lat' dir='ltr'><strong>aber</strong></span> <span class='ocrx_word' id='word_1_154' title='bbox 1180 1281 1261 1310; x_wconf 84' lang='lat' dir='ltr'><strong>nicht</strong></span> <span class='ocrx_word' id='word_1_155' title='bbox 1275 1292 1307 1310; x_wconf 79' lang='lat' dir='ltr'><strong>so</strong></span> <span class='ocrx_word' id='word_1_156' title='bbox 1321 1283 1464 1310; x_wconf 78' lang='lat' dir='ltr'><strong>konstant</strong></span> 
     </span>
     <span class='ocr_line' id='line_1_24' title="bbox 158 1320 1383 1356; baseline 0 -8"><span class='ocrx_word' id='word_1_157' title='bbox 158 1321 363 1355; x_wconf 70' lang='lat' dir='ltr'><strong>‹lurchgcfiihrt</strong></span> <span class='ocrx_word' id='word_1_158' title='bbox 381 1321 455 1354; x_wconf 79' lang='lat' dir='ltr'><strong>sind,</strong></span> <span class='ocrx_word' id='word_1_159' title='bbox 475 1329 523 1348; x_wconf 87' lang='lat' dir='ltr'><strong>um</strong></span> <span class='ocrx_word' id='word_1_160' title='bbox 545 1320 590 1347; x_wconf 82' lang='lat' dir='ltr'><strong>fiir</strong></span> <span class='ocrx_word' id='word_1_161' title='bbox 610 1320 657 1348; x_wconf 81' lang='lat' dir='ltr'><strong>die</strong></span> <span class='ocrx_word' id='word_1_162' title='bbox 676 1320 844 1348; x_wconf 73' lang='lat' dir='ltr'><strong>Textkritik</strong></span> <span class='ocrx_word' id='word_1_163' title='bbox 864 1321 936 1348; x_wconf 80' lang='lat' dir='ltr'><strong>feste</strong></span> <span class='ocrx_word' id='word_1_164' title='bbox 955 1321 1194 1356; x_wconf 82' lang='lat' dir='ltr'><strong>Anhaltspunkte</strong></span> <span class='ocrx_word' id='word_1_165' title='bbox 1212 1330 1249 1347; x_wconf 87' lang='lat' dir='ltr'><strong>zu</strong></span> <span class='ocrx_word' id='word_1_166' title='bbox 1275 1322 1383 1349; x_wconf 80' lang='lat' dir='ltr'><strong>bieten.</strong></span> 
     </span>
    </p>
   </div>
   <div class='ocr_carea' id='block_1_9' title="bbox 543 1444 1081 1476">
    <p class='ocr_par' dir='ltr' id='par_1_10' title="bbox 543 1444 1081 1476">
     <span class='ocr_line' id='line_1_25' title="bbox 543 1444 1081 1476; baseline -0.004 -1"><span class='ocrx_word' id='word_1_167' title='bbox 543 1444 588 1475; x_wconf 82' lang='lat'><strong>86.</strong></span> <span class='ocrx_word' id='word_1_168' title='bbox 617 1444 652 1475; x_wconf 89' lang='lat' dir='ltr'><strong>In</strong></span> <span class='ocrx_word' id='word_1_169' title='bbox 673 1453 713 1475; x_wconf 83' lang='lat' dir='ltr'><strong>ss.</strong></span> <span class='ocrx_word' id='word_1_170' title='bbox 730 1444 860 1476; x_wconf 80' lang='lat' dir='ltr'><strong>Adriani</strong></span> <span class='ocrx_word' id='word_1_171' title='bbox 881 1446 912 1475; x_wconf 82' lang='lat' dir='ltr'><strong>et</strong></span> <span class='ocrx_word' id='word_1_172' title='bbox 930 1445 1081 1476; x_wconf 84' lang='lat' dir='ltr'><strong>Nataliae.</strong></span> 
     </span>
    </p>
   </div>
   <div class='ocr_carea' id='block_1_10' title="bbox 175 1528 1402 2384">
    <p class='ocr_par' dir='ltr' id='par_1_11' title="bbox 175 1528 1389 1806">
     <span class='ocr_line' id='line_1_26' title="bbox 175 1528 1307 1568; baseline 0 -7"><span class='ocrx_word' id='word_1_173' title='bbox 175 1530 207 1561; x_wconf 89' lang='lat'><strong>1.</strong></span> <span class='ocrx_word' id='word_1_174' title='bbox 233 1528 431 1560; x_wconf 79' lang='lat' dir='ltr'><strong>Hierusalem</strong></span> <span class='ocrx_word' id='word_1_175' title='bbox 456 1528 604 1568; x_wconf 81' lang='lat' dir='ltr'><strong>gloriosa,</strong></span> <span class='ocrx_word' id='word_1_176' title='bbox 851 1531 884 1561; x_wconf 85' lang='lat'><strong>4.</strong></span> <span class='ocrx_word' id='word_1_177' title='bbox 910 1529 981 1561; x_wconf 92' lang='lat' dir='ltr'><strong>Hoc</strong></span> <span class='ocrx_word' id='word_1_178' title='bbox 1004 1529 1055 1560; x_wconf 90' lang='lat' dir='ltr'><strong>die</strong></span> <span class='ocrx_word' id='word_1_179' title='bbox 1080 1529 1138 1560; x_wconf 89' lang='lat' dir='ltr'><strong>tibi</strong></span> <span class='ocrx_word' id='word_1_180' title='bbox 1165 1529 1307 1561; x_wconf 82' lang='lat' dir='ltr'><strong>dicantes</strong></span> 
     </span>
     <span class='ocr_line' id='line_1_27' title="bbox 277 1577 1268 1614; baseline 0.002 -9"><span class='ocrx_word' id='word_1_181' title='bbox 277 1578 379 1606; x_wconf 84' lang='lat' dir='ltr'><strong>mater</strong></span> <span class='ocrx_word' id='word_1_182' title='bbox 401 1585 465 1606; x_wconf 89' lang='lat' dir='ltr'><strong>una</strong></span> <span class='ocrx_word' id='word_1_183' title='bbox 488 1577 672 1614; x_wconf 69' lang='lat' dir='ltr'><strong>martyrum,</strong></span> <span class='ocrx_word' id='word_1_184' title='bbox 957 1580 1032 1608; x_wconf 87' lang='lat' dir='ltr'><strong>vota</strong></span> <span class='ocrx_word' id='word_1_185' title='bbox 1056 1577 1268 1607; x_wconf 85' lang='lat' dir='ltr'><strong>conscientiae</strong></span> 
     </span>
     <span class='ocr_line' id='line_1_28' title="bbox 232 1622 1389 1664; baseline 0.002 -11"><span class='ocrx_word' id='word_1_186' title='bbox 232 1622 306 1654; x_wconf 78' lang='lat' dir='ltr'><strong>Sors</strong></span> <span class='ocrx_word' id='word_1_187' title='bbox 331 1622 425 1653; x_wconf 84' lang='lat' dir='ltr'><strong>beata</strong></span> <span class='ocrx_word' id='word_1_188' title='bbox 448 1625 522 1662; x_wconf 75' lang='lat' dir='ltr'><strong>post,</strong></span> <span class='ocrx_word' id='word_1_189' title='bbox 548 1622 686 1662; x_wconf 81' lang='lat' dir='ltr'><strong>labores,</strong></span> <span class='ocrx_word' id='word_1_190' title='bbox 910 1623 1060 1655; x_wconf 81' lang='lat' dir='ltr'><strong>Cursibus</strong></span> <span class='ocrx_word' id='word_1_191' title='bbox 1085 1623 1127 1654; x_wconf 83' lang='lat' dir='ltr'><strong>ad</strong></span> <span class='ocrx_word' id='word_1_192' title='bbox 1151 1626 1184 1654; x_wconf 85' lang='lat' dir='ltr'><strong>te</strong></span> <span class='ocrx_word' id='word_1_193' title='bbox 1209 1627 1389 1664; x_wconf 81' lang='lat' dir='ltr'><strong>recurrunt,</strong></span> 
     </span>
     <span class='ocr_line' id='line_1_29' title="bbox 278 1669 1345 1709; baseline 0.004 -10"><span class='ocrx_word' id='word_1_194' title='bbox 278 1669 326 1699; x_wconf 90' lang='lat' dir='ltr'><strong>ius</strong></span> <span class='ocrx_word' id='word_1_195' title='bbox 350 1669 435 1708; x_wconf 90' lang='lat' dir='ltr'><strong>pium</strong></span> <span class='ocrx_word' id='word_1_196' title='bbox 461 1671 534 1708; x_wconf 79' lang='lat' dir='ltr'><strong>post</strong></span> <span class='ocrx_word' id='word_1_197' title='bbox 556 1669 710 1709; x_wconf 79' lang='lat' dir='ltr'><strong>turbines,</strong></span> <span class='ocrx_word' id='word_1_198' title='bbox 958 1670 1032 1702; x_wconf 88' lang='lat' dir='ltr'><strong>hinc</strong></span> <span class='ocrx_word' id='word_1_199' title='bbox 1056 1674 1186 1702; x_wconf 86' lang='lat' dir='ltr'><strong>ovantes</strong></span> <span class='ocrx_word' id='word_1_200' title='bbox 1209 1672 1345 1704; x_wconf 87' lang='lat' dir='ltr'><strong>invicem</strong></span> 
     </span>
     <span class='ocr_line' id='line_1_30' title="bbox 234 1715 1365 1753; baseline 0.003 -7"><span class='ocrx_word' id='word_1_201' title='bbox 234 1715 319 1753; x_wconf 77' lang='lat' dir='ltr'><strong>Quae</strong></span> <span class='ocrx_word' id='word_1_202' title='bbox 343 1718 467 1747; x_wconf 83' lang='lat' dir='ltr'><strong>tuorum</strong></span> <span class='ocrx_word' id='word_1_203' title='bbox 491 1717 576 1748; x_wconf 85' lang='lat' dir='ltr'><strong>laeta</strong></span> <span class='ocrx_word' id='word_1_204' title='bbox 599 1725 691 1749; x_wconf 83' lang='lat' dir='ltr'><strong>cursu</strong></span> <span class='ocrx_word' id='word_1_205' title='bbox 909 1717 996 1749; x_wconf 80' lang='lat' dir='ltr'><strong>Dant</strong></span> <span class='ocrx_word' id='word_1_206' title='bbox 1022 1718 1090 1750; x_wconf 90' lang='lat' dir='ltr'><strong>Deo</strong></span> <span class='ocrx_word' id='word_1_207' title='bbox 1118 1718 1202 1749; x_wconf 82' lang='lat' dir='ltr'><strong>dona</strong></span> <span class='ocrx_word' id='word_1_208' title='bbox 1225 1719 1365 1751; x_wconf 86' lang='lat' dir='ltr'><strong>vicissim</strong></span> 
     </span>
     <span class='ocr_line' id='line_1_31' title="bbox 280 1763 1289 1806; baseline 0.004 -13"><span class='ocrx_word' id='word_1_209' title='bbox 280 1764 456 1802; x_wconf 81' lang='lat' dir='ltr'><strong>promptior</strong></span> <span class='ocrx_word' id='word_1_210' title='bbox 480 1763 644 1797; x_wconf 69' lang='lat' dir='ltr'><strong>attolleris</strong></span> <span class='ocrx_word' id='word_1_211' title='bbox 957 1765 1130 1806; x_wconf 80' lang='lat' dir='ltr'><strong>coniugalis</strong></span> <span class='ocrx_word' id='word_1_212' title='bbox 1159 1767 1289 1805; x_wconf 83' lang='lat' dir='ltr'><strong>gratiae.</strong></span> 
     </span>
    </p>

    <p class='ocr_par' dir='ltr' id='par_1_12' title="bbox 176 1837 1344 2027">
     <span class='ocr_line' id='line_1_32' title="bbox 176 1837 1268 1881; baseline 0.005 -12"><span class='ocrx_word' id='word_1_213' title='bbox 176 1840 209 1872; x_wconf 84' lang='lat'><strong>2.</strong></span> <span class='ocrx_word' id='word_1_214' title='bbox 234 1837 336 1876; x_wconf 76' lang='lat' dir='ltr'><strong>Terge</strong></span> <span class='ocrx_word' id='word_1_215' title='bbox 360 1838 487 1878; x_wconf 85' lang='lat' dir='ltr'><strong>luctum,</strong></span> <span class='ocrx_word' id='word_1_216' title='bbox 515 1847 602 1869; x_wconf 87' lang='lat' dir='ltr'><strong>sume</strong></span> <span class='ocrx_word' id='word_1_217' title='bbox 625 1840 780 1881; x_wconf 83' lang='lat' dir='ltr'><strong>plausum,</strong></span> <span class='ocrx_word' id='word_1_218' title='bbox 852 1843 882 1874; x_wconf 87' lang='lat'><strong>5.</strong></span> <span class='ocrx_word' id='word_1_219' title='bbox 908 1841 1019 1872; x_wconf 86' lang='lat' dir='ltr'><strong>Enitet</strong></span> <span class='ocrx_word' id='word_1_220' title='bbox 1040 1841 1097 1873; x_wconf 90' lang='lat' dir='ltr'><strong>ille</strong></span> <span class='ocrx_word' id='word_1_221' title='bbox 1121 1851 1268 1881; x_wconf 88' lang='lat' dir='ltr'><strong>supremo</strong></span> 
     </span>
     <span class='ocr_line' id='line_1_33' title="bbox 280 1885 1297 1931; baseline 0.006 -16"><span class='ocrx_word' id='word_1_222' title='bbox 280 1885 385 1923; x_wconf 90' lang='lat' dir='ltr'><strong>pande</strong></span> <span class='ocrx_word' id='word_1_223' title='bbox 409 1889 534 1925; x_wconf 80' lang='lat' dir='ltr'><strong>portum</strong></span> <span class='ocrx_word' id='word_1_224' title='bbox 559 1886 689 1926; x_wconf 90' lang='lat' dir='ltr'><strong>civibus,</strong></span> <span class='ocrx_word' id='word_1_225' title='bbox 956 1888 1112 1929; x_wconf 86' lang='lat' dir='ltr'><strong>passionis</strong></span> <span class='ocrx_word' id='word_1_226' title='bbox 1137 1889 1297 1931; x_wconf 76' lang='lat' dir='ltr'><strong>stigmate,</strong></span> 
     </span>
     <span class='ocr_line' id='line_1_34' title="bbox 234 1930 1344 1976; baseline 0.005 -13"><span class='ocrx_word' id='word_1_227' title='bbox 234 1930 367 1970; x_wconf 78' lang='lat' dir='ltr'><strong>Excipe,</strong></span> <span class='ocrx_word' id='word_1_228' title='bbox 394 1940 470 1971; x_wconf 89' lang='lat' dir='ltr'><strong>quos</strong></span> <span class='ocrx_word' id='word_1_229' title='bbox 499 1931 688 1973; x_wconf 87' lang='lat' dir='ltr'><strong>sustinebas,</strong></span> <span class='ocrx_word' id='word_1_230' title='bbox 908 1935 999 1966; x_wconf 87' lang='lat' dir='ltr'><strong>Haec</strong></span> <span class='ocrx_word' id='word_1_231' title='bbox 1020 1937 1093 1975; x_wconf 86' lang='lat' dir='ltr'><strong>piae</strong></span> <span class='ocrx_word' id='word_1_232' title='bbox 1118 1937 1344 1976; x_wconf 84' lang='lat' dir='ltr'><strong>compassionis</strong></span> 
     </span>
     <span class='ocr_line' id='line_1_35' title="bbox 282 1978 1278 2027; baseline 0.009 -20"><span class='ocrx_word' id='word_1_233' title='bbox 282 1981 354 2016; x_wconf 89' lang='lat' dir='ltr'><strong>post</strong></span> <span class='ocrx_word' id='word_1_234' title='bbox 378 1978 554 2017; x_wconf 87' lang='lat' dir='ltr'><strong>triumphos</strong></span> <span class='ocrx_word' id='word_1_235' title='bbox 578 1979 702 2020; x_wconf 83' lang='lat' dir='ltr'><strong>laetior,</strong></span> <span class='ocrx_word' id='word_1_236' title='bbox 958 1982 1114 2014; x_wconf 83' lang='lat' dir='ltr'><strong>destinato</strong></span> <span class='ocrx_word' id='word_1_237' title='bbox 1137 1993 1278 2027; x_wconf 85' lang='lat' dir='ltr'><strong>munere,</strong></span> 
     </span>
    </p>

    <p class='ocr_par' dir='ltr' id='par_1_13' title="bbox 179 2024 1402 2384">
     <span class='ocr_line' id='line_1_36' title="bbox 237 2024 1375 2074; baseline 0.006 -17"><span class='ocrx_word' id='word_1_238' title='bbox 237 2024 275 2057; x_wconf 92' lang='lat' dir='ltr'><strong>In</strong></span> <span class='ocrx_word' id='word_1_239' title='bbox 300 2024 411 2063; x_wconf 80' lang='lat' dir='ltr'><strong>quibus</strong></span> <span class='ocrx_word' id='word_1_240' title='bbox 435 2024 552 2056; x_wconf 80' lang='lat' dir='ltr'><strong>victrix</strong></span> <span class='ocrx_word' id='word_1_241' title='bbox 576 2027 721 2069; x_wconf 84' lang='lat' dir='ltr'><strong>resultas,</strong></span> <span class='ocrx_word' id='word_1_242' title='bbox 910 2029 1028 2061; x_wconf 84' lang='lat' dir='ltr'><strong>Cursus</strong></span> <span class='ocrx_word' id='word_1_243' title='bbox 1054 2032 1102 2061; x_wconf 84' lang='lat' dir='ltr'><strong>est</strong></span> <span class='ocrx_word' id='word_1_244' title='bbox 1129 2031 1274 2063; x_wconf 86' lang='lat' dir='ltr'><strong>diversus</strong></span> <span class='ocrx_word' id='word_1_245' title='bbox 1298 2032 1375 2074; x_wconf 85' lang='lat' dir='ltr'><strong>illis,</strong></span> 
     </span>
     <span class='ocr_line' id='line_1_37' title="bbox 283 2071 1341 2119; baseline 0.009 -17"><span class='ocrx_word' id='word_1_246' title='bbox 283 2071 324 2102; x_wconf 85' lang='lat' dir='ltr'><strong>da</strong></span> <span class='ocrx_word' id='word_1_247' title='bbox 350 2072 444 2103; x_wconf 88' lang='lat' dir='ltr'><strong>decus</strong></span> <span class='ocrx_word' id='word_1_248' title='bbox 468 2072 630 2105; x_wconf 82' lang='lat' dir='ltr'><strong>victoriae.</strong></span> <span class='ocrx_word' id='word_1_249' title='bbox 956 2085 1024 2108; x_wconf 85' lang='lat' dir='ltr'><strong>sors</strong></span> <span class='ocrx_word' id='word_1_250' title='bbox 1053 2079 1100 2109; x_wconf 86' lang='lat' dir='ltr'><strong>est</strong></span> <span class='ocrx_word' id='word_1_251' title='bbox 1124 2087 1187 2110; x_wconf 87' lang='lat' dir='ltr'><strong>una</strong></span> <span class='ocrx_word' id='word_1_252' title='bbox 1211 2080 1341 2119; x_wconf 87' lang='lat' dir='ltr'><strong>gloriae.</strong></span> 
     </span>
     <span class='ocr_line' id='line_1_38' title="bbox 179 2146 1402 2196; baseline 0.006 -15"><span class='ocrx_word' id='word_1_253' title='bbox 179 2149 209 2181; x_wconf 86' lang='lat'><strong>3.</strong></span> <span class='ocrx_word' id='word_1_254' title='bbox 235 2146 396 2179; x_wconf 85' lang='lat' dir='ltr'><strong>Adrianus</strong></span> <span class='ocrx_word' id='word_1_255' title='bbox 423 2155 492 2178; x_wconf 93' lang='lat' dir='ltr'><strong>cum</strong></span> <span class='ocrx_word' id='word_1_256' title='bbox 521 2146 614 2178; x_wconf 78' lang='lat' dir='ltr'><strong>beata</strong></span> <span class='ocrx_word' id='word_1_257' title='bbox 853 2151 883 2183; x_wconf 88' lang='grc'><strong>6.</strong></span> <span class='ocrx_word' id='word_1_258' title='bbox 909 2150 972 2182; x_wconf 90' lang='lat' dir='ltr'><strong>Hic</strong></span> <span class='ocrx_word' id='word_1_259' title='bbox 996 2152 1073 2184; x_wconf 83' lang='lat' dir='ltr'><strong>viris</strong></span> <span class='ocrx_word' id='word_1_260' title='bbox 1096 2162 1155 2192; x_wconf 88' lang='lat' dir='ltr'><strong>pro</strong></span> <span class='ocrx_word' id='word_1_261' title='bbox 1181 2163 1239 2193; x_wconf 88' lang='lat' dir='ltr'><strong>spe</strong></span> <span class='ocrx_word' id='word_1_262' title='bbox 1263 2164 1402 2196; x_wconf 82' lang='lat' dir='ltr'><strong>superna</strong></span> 
     </span>
     <span class='ocr_line' id='line_1_39' title="bbox 284 2193 1292 2244; baseline 0.008 -19"><span class='ocrx_word' id='word_1_263' title='bbox 284 2194 413 2233; x_wconf 79' lang='lat' dir='ltr'><strong>coniuge</strong></span> <span class='ocrx_word' id='word_1_264' title='bbox 436 2193 575 2233; x_wconf 82' lang='lat' dir='ltr'><strong>Natalia,</strong></span> <span class='ocrx_word' id='word_1_265' title='bbox 959 2200 1114 2240; x_wconf 82' lang='lat' dir='ltr'><strong>colligatis</strong></span> <span class='ocrx_word' id='word_1_266' title='bbox 1138 2201 1292 2244; x_wconf 82' lang='lat' dir='ltr'><strong>miscitur,</strong></span> 
     </span>
     <span class='ocr_line' id='line_1_40' title="bbox 234 2240 1294 2282; baseline 0.008 -10"><span class='ocrx_word' id='word_1_267' title='bbox 234 2240 403 2273; x_wconf 80' lang='lat' dir='ltr'><strong>Ferculum</strong></span> <span class='ocrx_word' id='word_1_268' title='bbox 429 2241 547 2281; x_wconf 82' lang='lat' dir='ltr'><strong>duplex</strong></span> <span class='ocrx_word' id='word_1_269' title='bbox 571 2242 696 2282; x_wconf 83' lang='lat' dir='ltr'><strong>amoris,</strong></span> <span class='ocrx_word' id='word_1_270' title='bbox 912 2246 1071 2279; x_wconf 84' lang='lat' dir='ltr'><strong>Adnotari</strong></span> <span class='ocrx_word' id='word_1_271' title='bbox 1095 2255 1167 2279; x_wconf 89' lang='lat' dir='ltr'><strong>cum</strong></span> <span class='ocrx_word' id='word_1_272' title='bbox 1192 2248 1294 2281; x_wconf 87' lang='lat' dir='ltr'><strong>beatis</strong></span> 
     </span>
     <span class='ocr_line' id='line_1_41' title="bbox 283 2288 1274 2338; baseline 0.009 -19"><span class='ocrx_word' id='word_1_273' title='bbox 283 2288 356 2320; x_wconf 89' lang='lat' dir='ltr'><strong>unio</strong></span> <span class='ocrx_word' id='word_1_274' title='bbox 383 2288 591 2328; x_wconf 54' lang='lat' dir='ltr'><strong>charismatis</strong></span> <span class='ocrx_word' id='word_1_275' title='bbox 958 2302 995 2325; x_wconf 91' lang='lat' dir='ltr'><strong>se</strong></span> <span class='ocrx_word' id='word_1_276' title='bbox 1017 2297 1169 2334; x_wconf 75' lang='lat' dir='ltr'><strong>peroptat</strong></span> <span class='ocrx_word' id='word_1_277' title='bbox 1189 2295 1274 2338; x_wconf 88' lang='lat' dir='ltr'><strong>ilico,</strong></span> 
     </span>
     <span class='ocr_line' id='line_1_42' title="bbox 236 2335 1346 2384; baseline 0.009 -18"><span class='ocrx_word' id='word_1_278' title='bbox 236 2335 351 2369; x_wconf 87' lang='lat' dir='ltr'><strong>Munus</strong></span> <span class='ocrx_word' id='word_1_279' title='bbox 374 2336 495 2376; x_wconf 86' lang='lat' dir='ltr'><strong>ingens,</strong></span> <span class='ocrx_word' id='word_1_280' title='bbox 521 2336 634 2375; x_wconf 86' lang='lat' dir='ltr'><strong>pignus</strong></span> <span class='ocrx_word' id='word_1_281' title='bbox 657 2336 783 2380; x_wconf 87' lang='lat' dir='ltr'><strong>almum,</strong></span> <span class='ocrx_word' id='word_1_282' title='bbox 912 2340 1057 2381; x_wconf 90' lang='lat' dir='ltr'><strong>Hincqne</strong></span> <span class='ocrx_word' id='word_1_283' title='bbox 1081 2341 1168 2373; x_wconf 85' lang='lat' dir='ltr'><strong>bacis</strong></span> <span class='ocrx_word' id='word_1_284' title='bbox 1193 2343 1346 2384; x_wconf 84' lang='lat' dir='ltr'><strong>illigatur,</strong></span> 
     </span>
    </p>
   </div>
   <div class='ocr_carea' id='block_1_11' title="bbox 284 2382 1402 2430">
    <p class='ocr_par' dir='ltr' id='par_1_14' title="bbox 284 2382 1402 2430">
     <span class='ocr_line' id='line_1_43' title="bbox 284 2382 1402 2430; baseline 0.01 -16"><span class='ocrx_word' id='word_1_285' title='bbox 284 2382 403 2415; x_wconf 87' lang='lat' dir='ltr'><strong>caelibe</strong></span> <span class='ocrx_word' id='word_1_286' title='bbox 428 2383 603 2426; x_wconf 82' lang='lat' dir='ltr'><strong>conubium,</strong></span> <span class='ocrx_word' id='word_1_287' title='bbox 959 2388 1094 2429; x_wconf 86' lang='lat' dir='ltr'><strong>hincque</strong></span> <span class='ocrx_word' id='word_1_288' title='bbox 1117 2398 1227 2422; x_wconf 87' lang='lat' dir='ltr'><strong>rursus</strong></span> <span class='ocrx_word' id='word_1_289' title='bbox 1252 2393 1402 2430; x_wconf 82' lang='lat' dir='ltr'><strong>truditur,</strong></span> 
     </span>
    </p>
   </div>
  </div>
 </body>
</html>
