1650 2610
675 118 929 153 —236-

412 217 443 250 9.
468 216 625 248 Fraterno.
646 215 764 246 elerum
790 212 905 245 cafitas
931 211 1134 251 conglutinet,

470 263 599 294 Nullum
623 261 765 293 simultas
789 269 808 292 a
834 262 961 291 caterva
986 257 1155 299 disgreget,

469 310 585 348 Fueus,
611 308 733 348 rubigo,
758 307 861 345 luxus,
886 305 1032 345 avaritia,

471 355 634 388 Abscedat
659 354 758 386 omnis
782 354 882 392 impia
907 352 1081 391 conventio,

470 402 626 434 Christum
645 404 683 432 ut
696 400 823 439 habeat,
844 408 925 440 pura
940 408 1029 431 mens
1045 399 1110 430 iam
1125 397 1277 437 ambigat.

389 478 445 510 10.
473 476 582 508 Gentis
606 477 724 515 iugum,
752 475 835 515 quod
860 475 958 517 impie
982 483 1039 506 nos
1066 473 1254 515 comprimit,

470 523 536 555 Tuo
563 523 687 562 depelle
711 523 892 554 adiumento
918 522 1049 562 gratiae,

467 570 599 601 Morbus
623 572 655 601 et
677 569 776 601 hostis
801 569 884 601 absit
909 569 959 600 vel
983 568 1126 608 penuria,

468 617 615 648 Adversa
639 619 752 648 cuneta
776 616 863 648 ocius
887 615 1061 656 aufugiant,

469 663 536 695 Pax
559 663 601 694 sit
624 663 783 703 perennis,
808 661 925 695 functis
951 663 1038 703 quies
1063 662 1203 702 placida.

389 739 443 771 11.
470 738 541 770 Non
565 748 622 770 nos
646 738 679 769 in
703 739 752 770 ira
775 741 851 770 tunc
873 738 971 770 iudex
996 738 1156 778 corripiat,

473 786 549 818 Cum
574 788 677 817 terror
702 786 768 816 eius
791 784 917 817 fulserit
940 785 974 817 in
998 785 1110 824 gloria,

470 831 539 863 Nec
562 832 643 872 ignis
668 841 766 864 vorax
787 832 1014 872 mancipandos
1040 832 1206 873 adprobet,

472 878 535 911 Sed
560 882 592 910 te
614 881 779 918 sequentes
804 880 968 919 praevium
992 879 1193 919 potissimum

470 925 655 957 Sanctorum
680 926 775 957 simus
802 930 961 965 compotes
988 926 1155 958 consortio.

394 1001 446 1034 12.
473 1001 615 1040 Praesta,
641 1008 775 1040 oramus,
804 1001 929 1032 trinitas
953 999 1147 1039 indifferens,

471 1047 661 1079 Desiderata
684 1046 745 1079 tibi
770 1045 1001 1087 confitentibus,

473 1095 532 1132 Qui
556 1095 641 1125 solus
665 1103 778 1125 nomen
805 1094 931 1126 deitatis
958 1094 1103 1127 obtinens

473 1141 568 1172 Pater
592 1149 661 1172 cum
687 1140 783 1172 verbo
809 1143 903 1180 atque
928 1144 1037 1172 sancto
1061 1141 1176 1181 spiritu

471 1188 509 1219 In
533 1188 676 1219 trinitate
700 1197 812 1227 regnas
836 1188 869 1218 in
894 1192 1093 1227 perpetuum.

231 1270 294 1304 MC,
315 1271 351 1297 X.
372 1285 407 1290 --
427 1270 461 1297 In
480 1269 536 1296 MC
555 1277 610 1296 nur
629 1267 655 1303 8,
675 1268 695 1296 4
713 1270 758 1297 bis
782 1268 824 1302 11,
846 1267 873 1296 2.
900 1287 921 1290 -
954 1269 978 1303 1,
1002 1267 1017 1297 1
1038 1271 1076 1297 ad
1095 1269 1180 1298 flium
1198 1269 1235 1296 x.
1257 1283 1293 1288 -
1316 1268 1340 1305 1,
1355 1268 1373 1297 2
1395 1271 1453 1304 Qui

156 1308 301 1343 passionis
325 1310 437 1341 tempus
467 1309 569 1342 arguet
595 1308 626 1333 in
650 1315 735 1334 mane
758 1307 795 1333 X.
817 1320 853 1325 ——
887 1306 912 1341 1,
934 1306 951 1334 5
972 1307 1056 1335 Celso
1076 1309 1242 1343 persontem
1261 1307 1299 1335 X.
1325 1323 1362 1326 —
1388 1306 1415 1341 2,
1437 1306 1454 1335 3

155 1346 227 1373 Diro
249 1348 293 1372 est
310 1344 357 1371 hie
377 1348 445 1371 tunc
465 1344 642 1379 dilapidatus
663 1352 733 1372 saxo
752 1344 789 1371 X.
811 1358 848 1363 -
869 1343 894 1378 2,
908 1342 928 1372 4
948 1345 1104 1372 dimersum
1124 1346 1160 1372 X.
1180 1359 1219 1364 «-
1238 1343 1265 1378 3,
1279 1343 1299 1371 4
1319 1346 1453 1373 amnibus

155 1385 184 1410 et
207 1383 239 1408 111
263 1382 397 1410 fluctibus
416 1383 452 1409 X.
476 1398 480 1400 -
528 1380 557 1416 4,
577 1379 594 1407 2
615 1382 783 1409 Comentum
803 1383 839 1409 X.
861 1398 864 1401 -
894 1399 896 1402 -
916 1381 944 1416 4,
964 1381 982 1410 3
1002 1383 1115 1410 Affeetu
1134 1391 1222 1410 saevo
1244 1385 1273 1410 et
1302 1382 1364 1410 diro
1390 1384 1454 1410 vin-

158 1420 221 1447 dice
244 1420 281 1446 X.
308 1433 341 1437 --
368 1418 394 1451 5,
415 1417 432 1445 2
460 1418 567 1454 Captus
594 1422 638 1446 est
662 1422 692 1446 et
716 1418 823 1446 Christi
842 1420 879 1446 X.
902 1434 935 1439 -—
957 1419 983 1454 5,
1004 1417 1022 1448 3
1049 1421 1209 1456 Postquam
1237 1421 1342 1448 deinde
1359 1421 1397 1448 X.
1420 1436 1453 1439 —

159 1456 184 1490 6,
205 1454 222 1482 2
243 1459 277 1483 ut
294 1464 409 1492 gregem
430 1456 466 1482 X.
486 1470 524 1474 —
553 1454 598 1489 6‚5
617 1458 661 1484 Ae
679 1458 771 1484 servis
792 1458 827 1484 X.
848 1472 885 1476 —
906 1456 932 1491 7,
952 1456 972 1485 4
997 1460 1168 1485 terminatus
1188 1457 1225 1484 X.
1246 1473 1284 1478 —-
1303 1456 1330 1491 8,
1351 1457 1368 1485 5
1391 1459 1454 1492 Quo

161 1502 259 1522 omnes
280 1494 409 1521 fruamur
427 1493 534 1528 gaudio
555 1493 673 1521 caelesti
692 1494 729 1520 X.
753 1508 787 1513 —
810 1493 835 1528 9,
856 1493 873 1521 5
895 1495 1043 1523 Christum
1066 1499 1100 1523 ut
1119 1496 1187 1523 abet
1210 1496 1279 1530 MG;
1308 1495 1456 1523 Christum

159 1535 193 1559 ut
212 1534 309 1558 mente
328 1539 440 1565 semper
458 1539 529 1566 pure
550 1531 680 1558 ambiant
698 1532 735 1558 X.
756 1545 792 1549 —
808 1529 850 1564 10,
868 1530 882 1559 1
904 1533 1005 1568 Iugum
1028 1541 1085 1568 quo
1105 1541 1176 1567 gens
1197 1534 1286 1569 impie
1305 1542 1360 1560 nos
1380 1541 1457 1561 com-

160 1569 261 1604 primit
279 1568 315 1595 X.
334 1584 372 1588 -
403 1566 446 1600 10,
466 1566 484 1596 3
513 1569 616 1596 Hor-tis
644 1576 699 1596 nec
723 1570 840 1596 morbus
873 1570 951 1597 adsit.
972 1571 1010 1598 X.
1033 1586 1064 1589 —
1088 1569 1132 1604 10,
1152 1569 1173 1597 4
1203 1571 1344 1607 effugiant
1362 1571 1399 1599 X.
1419 1587 1459 1592 —

163 1604 205 1640 11,
229 1604 243 1632 1
259 1608 328 1633 tune
347 1605 420 1633 fehlt
438 1606 474 1632 X.
495 1620 532 1624 —-
552 1606 594 1633 Zu
615 1606 762 1634 bedauern
781 1608 821 1634 ist
839 1606 886 1634 die
905 1607 1160 1643 Verstiimmelung
1185 1616 1240 1635 von
1258 1608 1325 1641 MC,
1350 1609 1387 1636 da
1407 1609 1457 1637 der

160 1644 235 1670 Text
267 1644 299 1670 111
331 1643 358 1670 X
391 1643 453 1670 sich
494 1651 532 1670 an
563 1643 660 1671 vielen
696 1643 807 1671 Stellen
846 1645 889 1672 als
921 1645 1136 1681 Umarbeitung
1171 1647 1295 1674 erweist.
1327 1661 1367 1665 —-
1399 1646 1457 1674 Cfr.

161 1681 267 1716 Migne.
288 1678 332 1713 86,
355 1678 435 1708 1047.

576 1809 635 1841 166.
663 1809 699 1841 111
719 1811 820 1842 sancti
841 1810 1027 1843 Sebastiani.

425 1908 454 1939 1.
482 1906 659 1939 sebastiani
681 1910 831 1948 martyris
856 1911 1008 1943 sollemne
1033 1914 1081 1943 est.

480 1954 610 1986 Festum
633 1955 727 1993 beati,
752 1956 844 1994 plebs
868 1956 983 1998 fidelis,
1011 1960 1140 1991 concine

481 2000 620 2042 Benigne.
643 2005 747 2033 mente
772 2003 928 2035 canticum
951 2014 1068 2038 novum
1093 2005 1171 2049 Deo,

483 2047 541 2085 Qui
568 2047 622 2079 dat
645 2048 838 2089 triumphum
859 2052 977 2083 sanctis
1003 2055 1035 2084 et
1058 2054 1224 2086 victoriam

480 2094 634 2133 1ubetque
659 2096 739 2127 caeli
762 2097 927 2136 possidere
950 2099 1100 2138 patrium.

426 2171 456 2201 2.
482 2169 540 2200 Vir
563 2170 616 2201 hie
640 2170 701 2203 fuit
725 2180 831 2212 verax,
857 2175 1029 2215 modestus,
1056 2177 1189 2218 sobrius,

484 2216 573 2249 Mitis
596 2217 751 2250 iucundus
777 2220 871 2252 valde
896 2224 926 2252 et
951 2223 1143 2263 carissimus,

484 2263 634 2296 Sermone
660 2265 772 2303 clarus,
798 2267 904 2306 lingua
931 2268 1168 2311 disertissimuS,

483 2311 537 2343 Ad
561 2312 622 2343 hoc
644 2312 765 2345 latebat
788 2315 905 2346 saeculi
930 2316 987 2347 sub
1014 2317 1190 2360 chlamyde,

484 2358 625 2399 Regnum
649 2363 684 2391 ut
709 2360 774 2400 poli
798 2362 1000 2401 praedicaret
1023 2365 1178 2398 omnibus
