1650 2610
685 120 922 157 ...91-

186 234 193 241 .
220 211 440 246 Hebraeorum
467 218 589 248 coetum
615 226 731 250 vocans

270 261 353 300 regis
378 265 482 294 mater
505 263 631 296 Helena

223 307 358 340 Crucem
385 308 503 341 Christi
528 311 575 343 sic
598 311 733 351 requirit

271 364 332 395 quo
356 355 475 389 lateret
500 359 639 398 caespite

224 402 319 435 Cuius
345 403 441 436 decus
466 404 589 437 hostem
615 407 692 439 vicit

272 450 444 483 dimicante
465 453 599 493 Agusto.

188 571 195 578 .
220 545 331 586 Elegit
354 546 440 579 viros
464 547 608 587 profetas

271 593 381 626 doctos
406 594 509 635 legem
534 595 653 634 optime

220 640 332 681 Ignem
357 641 459 673 voluit
481 641 604 673 laturos

269 696 310 719 ne
335 696 412 720 vera
434 689 650 728 perdocerent

221 735 363 768 Anxium
388 744 533 767 maerore
556 738 678 768 tantum

268 782 382 815 Iudam
408 783 438 815 ei
463 782 608 817 offerunt.

187 903 195 911 .
222 878 371 910 Protinus
396 878 520 910 retrudi
544 878 637 910 iussit

269 925 384 958 Iudam
409 925 472 958 sibi
495 925 649 958 traditum

221 973 321 1005 Retro
346 974 465 1005 victum
492 973 629 1005 detineri

271 1020 434 1060 mancipat
458 1021 617 1061 ergastulo

222 1068 334 1101 Donee
359 1067 464 1100 locum
491 1068 673 1100 dedicatum

272 1116 507 1148 demonstraret
529 1116 707 1156 proprium.

189 1235 196 1242 .
222 1211 349 1252 Septies
377 1210 450 1242 dum
475 1211 524 1242 sol
547 1210 685 1243 recurrit

269 1267 346 1290 suae
369 1258 448 1289 vicis
474 1258 618 1290 ordinem

224 1306 320 1340 Cibus
343 1306 390 1338 ori
414 1314 479 1337 non
506 1305 651 1338 defertur

270 1353 501 1386 subtrahuntur
523 1354 638 1393 pocula

222 1403 403 1441 Properare
422 1400 593 1440 pollicetur

269 1449 310 1481 ad
335 1449 440 1481 loeum
467 1446 641 1482 Calvariae.

189 1570 196 1577 .
222 1545 314 1577 Illico
341 1544 459 1576 electus
484 1543 561 1575 inde

270 1600 399 1632 precem
422 1589 532 1623 fundit
554 1589 691 1623 Domino

223 1640 270 1673 Ut
293 1639 406 1671 salutis
431 1640 560 1671 nostrae
583 1638 706 1679 signum

270 1687 372 1719 crucis
396 1684 596 1725 patefaceret

221 1734 341 1767 Suabia
363 1731 500 1772 flagrant
519 1734 619 1765 mirra

268 1781 409 1814 nectaris
434 1780 617 1820 fraglantia.

848 219 902 252 10.

853 550 905 582 11.

849 880 903 912 12.

849 1213 905 1244 13.

848 1543 905 1578 14.

929 218 1042 250 Omnia
1067 217 1210 251 Christus
1234 216 1309 250 fidei

978 266 1130 298 concedat
1155 265 1353 304 omnipotens

930 312 1090 353 Quidquid
1114 312 1292 352 supplicem
1314 321 1449 352 precare

978 360 1114 392 senserit
1137 358 1277 392 fideliter

931 407 1052 440 Cuncta
1078 408 1196 439 dantur
1216 407 1398 449 postulatur

977 454 1062 495 quod
1088 454 1220 487 eredens
1244 455 1384 494 petierit.

933 550 1104 591 Quinquies
1130 552 1241 590 quater
1265 550 1298 582 in
1323 550 1421 582 altum

978 598 1051 629 dum
1077 596 1209 630 fodissst
1233 597 1380 637 passibus

930 643 1010 676 Tres
1030 653 1107 684 quas
1132 653 1267 684 precans
1284 644 1463 686 repperibit

979 700 1087 723 cruces
1111 693 1181 733 ipse
1207 691 1321 725 detulit

931 738 1016 777 Quae
1041 739 1083 770 sit
1106 748 1169 771 una
1195 748 1273 772 crux
1297 739 1408 772 salutis

976 785 1055 817 tacti
1079 789 1182 818 morte
1206 786 1403 827 comprobas.

929 879 999 912 Vox
1023 881 1181 920 serpentis
1204 880 1386 921 prestrebat

978 928 1011 959 in
1036 936 1111 959 aera
1137 928 1301 960 clamitans

931 974 1055 1006 Veteris
1080 975 1193 1007 veneni
1215 975 1296 1007 telas

977 1031 1154 1054 memorans
1180 1031 1257 1062 quas
1282 1025 1408 1054 texerat

929 1069 1044 1102 Iudam
1069 1078 1125 1110 ego
1150 1069 1323 1102 incitabam

978 1125 1063 1149 nune
1086 1126 1137 1149 me
1159 1117 1257 1150 1udas
1284 1117 1415 1159 expulit.

931 1211 1103 1244 Dominum
1127 1211 1224 1245 Iudas
1251 1212 1395 1251 deposcit

979 1259 1139 1291 exorando
1163 1257 1289 1291 fletibus

930 1306 1021 1339 Sacri
1048 1306 1188 1346 corporis
1213 1308 1248 1338 ut
1271 1307 1320 1338 sui

977 1354 1145 1393 praepalet
1168 1352 1289 1386 fixoriis

932 1400 1096 1433 Rutilante
1122 1409 1178 1432 eeu
1202 1400 1341 1441 probatu

979 1449 1049 1488 opis
1074 1457 1185 1480 aurum
1210 1448 1374 1488 optimum.

931 1542 1027 1583 Regis
1052 1541 1143 1576 freno
1169 1552 1203 1575 os
1229 1543 1268 1575 ad
1295 1544 1407 1576 obtans

979 1591 1063 1623 vatis
1086 1593 1123 1622 ut
1145 1590 1353 1630 praedixerat

931 1638 1000 1671 Pax
1024 1640 1060 1670 ut
1083 1637 1170 1670 bena
1194 1641 1404 1679 consequatur

977 1686 1132 1717 salivares
1156 1685 1264 1718 facere

932 1733 1084 1766 Sanctum
1108 1733 1237 1765 Domini
1270 1733 1354 1773 quod
1380 1735 1463 1765 esset

980 1788 1077 1821 equus
1102 1779 1194 1812 freno
1221 1781 1342 1813 detulit.

489 1876 544 1909 15.
571 1875 626 1907 Sic
648 1875 833 1916 redemptor
858 1874 969 1908 mundi
992 1875 1139 1908 Christus

617 1923 715 1956 iudex
740 1923 794 1964 qui
818 1925 970 1956 venturus
995 1926 1045 1956 est

571 1971 688 2004 Decies
708 1973 783 2011 post
807 1971 903 2012 quina
926 1972 1029 2004 lustra

615 2020 784 2060 pervoluta
807 2022 953 2059 tempora

568 2067 678 2100 Crucis
702 2068 824 2109 lignum
847 2076 921 2100 umo
946 2069 1092 2107 opertum

616 2116 742 2149 revelat
764 2115 942 2149 mirificum.

223 2223 290 2250 Den
303 2222 379 2250 Text
398 2220 658 2257 diplomatisch
678 2227 745 2255 gen
751 2228 795 2247 au
815 2218 1006 2253 mitzuteilen,
1026 2226 1087 2246 war
1100 2218 1148 2245 ich
1162 2217 1244 2245 nieht
1255 2217 1287 2243 in
1301 2217 1352 2245 der
1366 2217 1460 2254 Lage3

147 2262 189 2289 ist
206 2261 348 2297 iibrigens
367 2261 414 2288 fiir
432 2267 561 2287 miseren
580 2257 685 2286 Zweek
707 2258 869 2294 belanglos.
902 2257 978 2286 Jene
990 2257 1103 2285 Stellen
1123 2255 1201 2289 aber,
1222 2255 1271 2282 dic
1283 2263 1353 2282 vom
1364 2254 1462 2290 gleich

148 2299 385 2334 vorzulegenden
406 2297 475 2326 Cod.
493 2296 588 2325 Lond.
602 2297 780 2330 abweiehen,
801 2297 892 2324 sowie
906 2296 984 2331 jene,
1006 2296 1054 2323 die
1073 2294 1249 2322 zweifelhaft
1262 2293 1332 2321 oder
1352 2293 1462 2320 dunkel

147 2337 335 2371 erseheinen,
362 2337 430 2365 sind
456 2338 489 2365 in
514 2336 565 2364 der
585 2335 757 2364 Sohreibart
780 2335 830 2363 des
852 2334 1002 2371 Originals
1023 2331 1212 2368 abgedruckt.
1255 2331 1317 2359 Das
1339 2330 1461 2359 Gleiche

146 2376 203 2413 gilt
221 2385 290 2404 vom
308 2375 467 2412 folgenden
485 2374 635 2403 Abdruck.
