1650 2610
694 140 858 176 —249
909 162 952 166 -

165 226 241 254 Text
264 236 297 255 so
328 238 366 256 zu
389 231 540 266 belassen,
568 236 625 262 wie
651 244 683 263 er
709 237 760 269 ist,
788 237 848 264 und
876 237 1040 265 demselben
1061 246 1117 264 nur
1139 238 1224 264 einen
1245 238 1406 273 irgendwie
1425 247 1473 275 ge-

166 267 278 293 arteten
297 267 429 295 Versuch
458 270 691 307 beizugesellen‚
721 274 907 311 gleichzeitig
935 276 991 303 (lon
1017 274 1177 303 Gedanken
1206 276 1256 303 des
1277 276 1413 303 Dichters
1435 285 1474 303 an

166 302 217 329 der
237 304 325 331 Hand
352 305 403 333 ‹ler
425 308 560 343 Lt-gende
585 309 653 346 (vg-1.
682 312 738 339 den
765 313 1023 349 voi-hergehenden
1043 315 1188 348 Hymnus)
1211 323 1249 340 zu
1274 316 1389 341 erraten
1412 314 1473 341 und

165 340 217 367 das
238 345 378 371 zerstiirte
396 345 523 373 Metrum
543 347 748 376 herzustellen.
782 351 950 387 Allerdings
971 353 1011 378 ist
1029 352 1077 378 die
1092 349 1239 384 Aussioht,
1261 352 1346 379 dabei
1366 352 1473 387 gerade

165 377 217 405 das
238 382 464 417 urspriingliehe
483 393 521 411 zu
540 385 650 420 treffen,
671 388 736 414 eine
756 388 823 415 sehr
841 390 969 426 goi-inge.

562 478 600 507 Π.
640 479 973 511 Rekonstruierter
991 482 1093 511 Text.

409 544 440 576 1.
467 546 606 579 Cunctus
629 548 693 580 iam
713 550 849 581 mundus
874 551 982 589 patule
1006 550 1190 590 triumphat,

461 593 550 625 Iesus
576 603 594 626 e
619 596 715 627 caelis
739 597 869 628 veniens
894 601 1049 637 coruscat,

466 640 560 672 Cuius
585 642 725 675 adventu
749 648 922 676 renovatur
946 645 1032 677 orbis

601 689 760 729 Perpetim
787 692 897 723 omnis.

401 744 433 775 2.
459 745 600 776 Promite
625 746 779 779 Thomam
804 749 962 787 geminum
987 749 1123 786 beatum,

459 791 544 823 Huic
570 793 638 824 dies
663 802 802 826 summus
828 795 1007 827 celebratur
1030 797 1141 835 almus,

461 838 521 877 Qui
544 838 641 871 fidem
668 841 788 873 Christi
810 843 953 873 recinens
978 843 1011 874 in
1036 843 1133 875 1ndos

596 887 749 920 Munerat
770 889 854 922 illos,

401 942 432 975 3.
457 941 591 974 Sanctus
617 947 649 975 et
674 953 802 977 consors
825 945 951 985 patriae
975 954 1132 986 supernae

460 988 578 1022 Gentes
603 992 739 1031 acquirit
762 992 884 1032 pietate
909 993 1047 1033 Ghristi3

458 1036 533 1068 Rite
559 1039 723 1070 coniunxit
745 1039 807 1071 sibi
832 1040 916 1071 hunc
940 1040 1069 1072 Abanes

596 1085 657 1117 lllc
681 1090 837 1128 potenter,

398 1141 430 1173 4.
456 1141 579 1173 Aedem
606 1146 745 1182 exponat
768 1144 898 1175 nimiam
922 1144 956 1175 in
981 1153 1088 1175 arvam

456 1189 553 1229 Regis
577 1190 720 1229 ipsorum
744 1191 857 1223 merito
881 1190 1067 1231 fruendam3

457 1236 516 1275 Qui
540 1236 607 1276 poli
631 1240 757 1277 portam
781 1246 927 1270 reserans
951 1238 1070 1270 ibidem

577 1285 690 1317 Intulit
714 1286 812 1317 illam.

397 1343 428 1374 5.
454 1341 537 1373 Inde
561 1342 614 1373 hic
637 1345 761 1381 martyr
784 1343 899 1374 iacitur
922 1343 955 1373 in
981 1342 1078 1381 ferra,

458 1388 593 1420 Sanctus
617 1389 745 1429 ascitus,
769 1390 829 1421 lita
851 1398 926 1421 mox
950 1399 1063 1422 cruore

450 1436 599 1470 Membra
624 1436 687 1468 Gat
710 1437 802 1476 ponit
825 1440 1013 1477 reseratque
1038 1442 1127 1470 terra

590 1483 725 1515 Lumine
750 1487 873 1524 quarto.

395 1541 425 1573 6.
452 1540 574 1572 Doctus
599 1541 732 1581 insignis
758 1541 861 1573 socius
886 1545 1081 1582 peremptus,

452 1588 570 1620 Aulam
597 1591 633 1620 ut
657 1588 768 1621 fratris
793 1589 992 1629 redimatque
1017 1590 1086 1621 auri

454 1635 587 1675 Copiam
612 1636 737 1678 reddat,
766 1637 902 1668 creatori
927 1640 1036 1669 nostro

589 1683 669 1715 Ilico
693 1686 795 1723 paret.

394 1741 425 1771 7.
452 1740 588 1778 Christe,
616 1749 686 1771 cum
711 1741 829 1771 sanctis
855 1741 979 1772 veneris
1004 1744 1040 1772 ut
1063 1740 1171 1777 iudex,

450 1787 617 1828 Attrahas,
641 1787 803 1827 princeps,
828 1789 964 1827 populos
989 1788 1052 1821 iam
1078 1788 1118 1821 ad
1144 1790 1187 1827 tc,

450 1835 561 1875 Ignem
587 1838 727 1867 atrocem
752 1834 908 1875 fugiamus
933 1844 971 1867 ac
995 1838 1028 1867 te

589 1883 652 1915 Ore
676 1892 835 1916 canamus,

392 1941 423 1973 8.
453 1939 596 1972 Gloriam
621 1941 740 1980 psallat
766 1941 879 1972 chorus
906 1947 938 1972 et
961 1942 1096 1973 resultet

451 1988 595 2022 Gloriam
621 1988 717 2031 dicat,
746 1991 840 2020 canat
865 1991 897 2020 et
921 1990 1074 2030 revolvat,

447 2036 585 2069 Nomine
608 2036 703 2078 trino,
732 2036 851 2068 deitate
874 2037 931 2069 soli

587 2083 701 2116 Sidera
727 2084 874 2116 clament.

608 2204 667 2236 175.
698 2204 733 2237 In
753 2204 856 2237 sancti
876 2204 998 2245 Thyrsi.

365 2278 397 2311 1.
422 2276 561 2310 Exsulta
585 2276 725 2319 nimium,
753 2277 846 2309 turba
871 2276 1024 2315 fidelium,

423 2325 583 2358 Sollemne
607 2324 703 2357 hodie
725 2325 877 2365 martyris
901 2325 1005 2356 incliti

420 2373 482 2406 Est
505 2371 632 2413 festum,
658 2373 788 2406 modula
814 2372 955 2405 carmina
980 2370 1108 2404 fortiter

419 2421 458 2454 In
481 2421 609 2454 laudem
634 2421 763 2454 Domini
788 2424 884 2462 atque
907 2419 1093 2461 potentiam.
