1650 2610
328 1443 384 1476 10.

327 1689 383 1721 11.

328 1935 383 1968 12.

326 2184 381 2217 13.

659 138 702 144 ,-
753 118 820 154 157
846 138 917 144 .-

415 212 454 246 In
478 214 642 247 Dorothea
666 215 793 256 ligustri
819 216 1011 248 ambrosiam

412 259 629 301 Liliorumque
653 271 691 294 ac
715 272 860 295 rosarum
886 264 1035 305 destinat,

413 307 474 339 Vel
497 309 530 340 in
558 308 689 341 Calliste
714 310 935 351 Christeteque
959 311 1059 342 violas

413 354 567 394 Oppletas
593 356 688 389 valde
713 358 811 389 odore
836 357 1026 398 gratissimo,

414 401 473 433 Vel
498 404 674 443 pretiosum
699 402 854 436 ferculum
877 405 911 436 in
934 403 1090 438 Theufilo.

383 486 389 492 .
418 458 556 497 Quorum
584 461 736 492 certatrix
761 461 926 493 Dorothea
950 462 1039 501 prior
1064 463 1113 492 est

411 505 543 545 Duplici
568 509 695 547 compta
717 508 828 540 laurea
850 506 1064 548 praefulgida,

412 553 613 594 Virginitatis
638 563 752 594 nempe
775 563 814 587 ac
836 555 993 595 martyrii,

410 599 542 640 Adepta
567 599 703 633 fructum
730 603 762 633 in
787 602 877 633 lucro
904 602 1094 634 consortium

411 647 562 679 Sororum
590 648 731 687 duplum,
758 649 887 680 tertium
911 649 963 679 vel
987 648 1133 683 Theufili.

380 730 387 737 .
415 702 669 743 Cappadocenae
694 705 870 737 Caesareae
894 706 1005 737 inclita

412 750 503 783 Haec
528 750 606 782 civis
631 753 704 783 orta
727 760 847 783 summo
872 753 905 784 in
931 753 1094 792 praesidio

412 797 579 837 Specimen
603 798 677 830 urbi
704 799 837 837 praebet
862 799 1036 832 imitabile:

411 845 495 878 Fide
518 846 734 887 praepollens,
761 847 828 878 vita
851 855 974 878 morum
998 846 1130 887 enitens,

411 891 605 933 Martyriale
631 893 826 932 triumphum
852 893 1038 935 expediens.

414 949 571 989 Opinione
594 950 687 981 huius
713 958 823 982 sacrae
849 949 980 990 virginis

410 995 568 1029 Infandus
592 1005 724 1036 praeses
749 1000 913 1036 comperta
937 996 1107 1029 Fabricius

411 1044 654 1077 Discutiendam
678 1043 740 1075 sibi
764 1044 834 1077 sisti
858 1044 1035 1087 praecipit;

408 1091 565 1124 Tentatur
588 1091 716 1123 blandis
741 1100 780 1123 ac
803 1091 942 1123 suadelis
969 1091 1085 1131 decipi,

407 1138 501 1170 Idem
528 1139 670 1170 deterret
691 1138 786 1171 minis
808 1147 867 1177 per
893 1138 1086 1178 asperrimis.

412 1197 512 1236 Quam
536 1197 573 1227 ut
596 1196 763 1235 perspexit
786 1204 916 1236 praeses
940 1195 1201 1235 imperterritam,

407 1244 534 1276 Furens
560 1246 683 1275 cat-asta
706 1242 932 1275 trucidandam
955 1242 1116 1282 sublimat,

410 1290 475 1323 Sed
499 1290 608 1322 insons
632 1298 767 1330 poenam
791 1290 1014 1322 incunctanter
1037 1288 1204 1329 perferens

407 1337 504 1371 Elata
530 1346 605 1369 voce
631 1346 745 1370 nomen
771 1337 891 1371 Christi
914 1337 1091 1377 praedicat,

409 1385 516 1418 Unum
542 1394 613 1417 cum
637 1386 731 1425 patre
755 1383 825 1417 fore
850 1393 888 1416 ac
912 1384 1079 1424 paraclito.

409 1441 513 1475 Huius
538 1442 580 1474 ad
605 1440 700 1473 fidem
727 1441 941 1473 enervandam
965 1440 1100 1472 callidus

406 1489 598 1523 Christetem
622 1489 717 1520 simul
738 1497 810 1520 cum
833 1488 967 1521 Calliste
989 1490 1154 1528 provocat,

409 1536 623 1576 Sibimetipsis
647 1536 783 1577 parilem
807 1538 844 1567 ut
868 1535 1006 1578 faciant3

408 1584 473 1617 Sed
497 1593 571 1617 mox
597 1586 759 1616 correctae
785 1583 951 1616 credidere
976 1591 1035 1623 per
1058 1582 1172 1622 ipsam,

408 1633 495 1672 Quae
520 1631 607 1664 facta
630 1633 714 1663 esset
736 1631 861 1663 caelebs
885 1631 949 1663 iam
974 1630 1147 1671 augustior.

411 1688 487 1727 Quis
512 1696 663 1720 enarrare
688 1690 752 1727 tua,
780 1687 916 1727 Christe,
943 1688 1050 1719 valeat

408 1734 640 1768 Miraculorum
665 1743 764 1773 opera
786 1735 933 1775 insignia,

412 1783 499 1822 Quae
524 1781 592 1822 agis
616 1782 697 1822 ipse,
726 1782 798 1814 dum
825 1785 951 1814 sanctos
976 1779 1161 1821 glorificas?

407 1829 491 1862 Nam
516 1829 613 1861 stanti
638 1829 715 1861 ades
739 1830 869 1869 praesul
894 1829 936 1861 ad
963 1828 1149 1869 custodiam,

408 1878 488 1911 Cum
513 1879 695 1909 corruentes
721 1878 860 1916 corrigas
886 1877 1080 1910 clementius,

409 1932 541 1967 Adflata
566 1933 654 1965 cuius
679 1934 768 1974 virgo
794 1937 904 1966 sancta
927 1932 1055 1966 fiamine

405 1982 487 2015 Fert
509 1982 574 2013 iam
600 1981 717 2023 elapsis
742 1983 876 2014 salutem
901 1981 1063 2015 sororibus

405 2030 601 2062 Restaurans
625 2031 763 2061 mentem
789 2029 997 2062 hortamentis
1023 2029 1110 2069 fidei,

404 2078 442 2110 In
466 2077 516 2109 his
541 2076 700 2109 fervorem
725 2079 852 2110 recreat
875 2078 1030 2120 martyrii⁷

404 2125 496 2166 Quod
519 2127 731 2165 properarent
755 2126 802 2158 sic
826 2126 868 2157 ad
893 2125 1032 2166 palmam
1057 2125 1189 2157 alacres,

408 2182 541 2215 Illusum
567 2181 613 2214 ita
637 2191 671 2214 se
696 2182 806 2215 dolens
832 2182 1000 2215 Fabricius

404 2229 581 2263 Ambarum
606 2232 714 2262 censet
737 2233 825 2263 artus
852 2239 933 2271 cupa
956 2239 1067 2269 urere3

405 2280 544 2319 Quarum
569 2286 608 2309 ex
632 2286 710 2311 nece
736 2279 808 2311 dum
835 2278 948 2311 ulcisci
973 2278 1095 2319 nititur,

403 2326 561 2360 Victrices
587 2324 664 2358 fecit
688 2326 819 2360 aethera
844 2326 1057 2359 conscendere

403 2374 456 2409 Ad
482 2373 657 2407 obtinenda
682 2374 830 2408 diadema
854 2375 952 2415 regia.
