1650 2610
741 123 989 159 —272—

292 224 355 252 MC.
386 239 422 243 —
442 225 503 252 Der
521 223 637 257 Anfang
657 221 749 248 dieses
769 219 904 253 Hymnus
924 217 1002 244 fehlt.
1022 230 1062 234 —-
1080 206 1144 255 12'2
1164 208 1276 242 repleffi·
1296 223 1335 227 -
1357 207 1380 243 1,
1402 205 1420 235 3
1440 207 1519 235 hunc

219 270 312 289 cursu.
328 277 364 281 -—
379 260 404 294 1,
418 261 437 288 4
456 260 548 289 Nobis
569 259 672 291 (novis,
692 257 773 290 novi)
793 264 914 291 semper.
930 269 967 273 —
983 251 1010 285 3,
1025 251 1042 279 2
1063 250 1194 278 AmlllUS-
1209 262 1247 266 -·
1261 244 1287 280 35
1302 244 1320 274 3
1338 246 1470 273 MOfl'U-S·
1480 260 1519 264 -

216 298 242 333 5,
264 298 281 326 2
304 299 419 327 Christi.
441 312 477 318 —-
498 296 524 330 5,
544 296 562 325 4
581 296 797 331 nequissimum.

620 443 678 474 197.
709 442 861 482 „Hymnus
883 441 920 472 (le
939 439 1119 472 Primitiis.“

747 518 795 547 Ad
814 518 968 555 Vesperas.

228 591 257 622 1.
283 587 398 623 Inclito
423 589 489 630 regi
513 589 655 628 polomm

334 635 512 667 deferentes
539 635 677 667 debitum

284 684 366 716 Puro
392 684 496 721 corde,
522 683 612 721 plebs
637 682 773 720 alumna,

330 738 534 771 personemus
560 729 725 770 canticum,

286 777 437 808 Nostrum
462 779 498 807 ut
520 777 591 816 ipse
614 776 759 814 placatus

334 823 434 855 diluat
456 823 624 864 piaculum.

227 899 258 931 2.
283 895 407 941 Munna,
433 907 482 936 en,
508 897 717 937 primitiarum

332 953 433 976 annuo
459 953 607 981 recursum

281 992 355 1031 Ipse
378 994 415 1022 ut
437 992 497 1023 rite
521 992 693 1033 praecepit,

327 1038 400 1069 olim
425 1038 529 1077 prisco
554 1038 681 1077 populo,

280 1084 451 1117 Offerentes
477 1085 656 1116 dedicemus

326 1131 495 1163 iubilantes
519 1131 672 1170 Domino;

224 1206 254 1238 3.
284 1203 374 1239 Noxa
398 1208 431 1236 ut
455 1207 566 1246 procul
593 1206 718 1238 detersa

330 1252 534 1284 conferantur
559 1254 730 1293 commoda,

281 1300 433 1331 Fructum
458 1308 553 1331 arvae
575 1300 639 1331 iam
662 1301 810 1332 iniectum

331 1354 422 1377 sacra
447 1346 564 1378 Christi
591 1346 722 1379 dextera

284 1392 432 1431 Tueatur,
457 1394 493 1424 ut
515 1394 643 1432 repulsa

331 1441 443 1470 cuneta
466 1439 530 1470 sint
552 1436 730 1484 per[icula].

220 1514 252 1546 4.
279 1510 375 1546 Ulcus
400 1514 518 1545 eminus
543 1518 706 1555 remotum,

330 1560 412 1591 aeris
435 1561 676 1601 incommodum,

281 1606 443 1638 Perimens
467 1608 587 1647 grando
611 1609 750 1647 pellatur

326 1653 452 1685 turbine
477 1662 546 1685 eum
567 1654 706 1695 nubium,

277 1700 408 1732 Matura
430 1709 572 1740 quaeque
594 1701 720 1735 fruatur

326 1748 426 1779 omnis
451 1747 544 1779 turba
568 1749 736 1784 hominum.

222 1822 252 1853 5.
281 1818 404 1863 Sobrie,
428 1823 511 1854 iuste
534 1823 647 1863 pieque

324 1868 464 1900 viventes
488 1870 520 1900 in
544 1871 679 1911 saeculo,

275 1914 372 1946 Sacra
395 1916 512 1947 virtute
535 1917 652 1949 suffulti

322 1962 496 1994 servientes
520 1963 654 1996 Domino

282 2008 437 2041 Collocari
460 2018 635 2042 mereamur

321 2063 417 2095 regno
441 2056 473 2088 in
499 2057 655 2099 aethereo,

218 2131 248 2163 6.
276 2128 428 2164 Polorum
455 2133 538 2164 cives
564 2132 664 2165 effecti

324 2178 376 2210 hic
398 2179 515 2210 ablutis
539 2180 696 2222 sordibus,

272 2225 411 2257 Potituri
435 2226 611 2259 claritatem

321 2273 354 2304 in
379 2273 523 2313 supernis
547 2274 686 2316 sedibus,

275 2320 379 2352 Dulce
403 2326 586 2354 resonantes
612 2331 737 2356 carmen

322 2367 449 2400 Domini
471 2369 505 2401 in
528 2369 694 2412 laudibus-‚3

928 588 958 619 7.
987 583 1113 620 Rutilae
1136 585 1192 616 ubi
1217 594 1379 617 coruscum

1032 634 1139 665 lumen
1163 633 1256 671 pulso
1281 632 1401 672 nubilo,

982 680 1119 713 Turmae
1144 678 1285 719 fulgidae
1308 685 1489 711 sanctorum

1031 728 1243 759 collaetantur
1267 726 1403 758 Domino

986 775 1130 808 Candida
1154 777 1242 805 veste
1264 775 1363 814 togati

1029 822 1061 853 in
1088 822 1183 853 choro
1208 821 1362 862 angelico.

924 900 956 931 8.
982 895 1058 939 lpse
1082 896 1173 929 nobis
1198 897 1245 928 sic
1268 893 1452 940 instante[r]

1028 944 1195 984 impendat
1218 944 1403 984 remedium,

981 991 1026 1025 Ut
1051 992 1187 1023 caeleste
1211 991 1372 1031 potiamur

1025 1038 1181 1070 infinitum
1207 1038 1356 1078 gaudium

979 1086 1217 1125 Aeternumque
1242 1085 1414 1117 evadentes

1027 1133 1113 1164 erebi
1139 1131 1339 1173 supplicium.

920 1210 952 1242 9.
978 1205 1151 1242 lllundialis
1177 1217 1253 1240 eura
1273 1209 1404 1247 procul!

1026 1254 1213 1295 auferatque
1237 1256 1351 1296 omnia,

979 1304 1131 1342 Ingerens
1155 1302 1227 1334 viae
1252 1303 1398 1335 caelestis

1026 1349 1110 1381 alma
1136 1349 1305 1389 desideria,

979 1398 1023 1430 Ut
1050 1397 1128 1428 illuc
1154 1398 1250 1429 corde
1276 1397 1396 1430 directo

1027 1443 1208 1475 deseramus
1233 1447 1360 1484 terrea3

899 1519 949 1550 10.
976 1516 1051 1551 Iura
1076 1523 1300 1551 conservantes
1326 1521 1413 1553 clara

1024 1565 1143 1605 legales
1169 1567 1338 1607 dominica,

978 1611 1152 1645 Offerentes
1180 1613 1308 1645 illibata

1023 1660 1172 1699 puritatis
1197 1661 1310 1701 hostia,

978 1707 1023 1739 Ut
1050 1716 1110 1746 per
1135 1708 1216 1739 haec
1239 1709 1459 1749 possideamus

1024 1753 1121 1786 vitam
1146 1755 1215 1787 sine
1239 1757 1373 1790 macula.

896 1828 951 1861 11.
977 1827 1044 1863 Tus
1068 1830 1210 1862 oblatum
1233 1832 1303 1872 regi
1327 1833 1411 1866 almo

1026 1876 1179 1918 refraglet
1203 1879 1370 1912 ambroseo

977 1923 1082 1956 Odore
1108 1925 1235 1958 Christo
1261 1929 1391 1960 aeterno

1023 1979 1114 2003 sacro
1137 1972 1172 2003 in
1197 1973 1323 2014 altario,

978 2018 1119 2057 Mystica
1144 2019 1238 2052 simul
1260 2022 1384 2062 ingesta

1031 2066 1172 2098 caritatis
1197 2068 1315 2102 unctio.

901 2140 954 2174 12.
979 2137 1089 2180 Ipsum
1114 2151 1198 2174 nunc
1222 2153 1331 2177 omnes
1348 2155 1504 2190 rogemus,

1022 2189 1153 2222 caelitus
1175 2193 1212 2222 ut
1235 2190 1388 2231 praebeat

975 2234 1108 2268 Gratum
1133 2247 1152 2269 a
1175 2238 1267 2271 nobis
1293 2239 1443 2282 oblatum,

1022 2284 1107 2322 quod
1131 2285 1202 2325 ipse
1226 2287 1388 2328 suscipiat,

973 2329 1099 2371 Munus,
1117 2340 1176 2371 per
1193 2334 1278 2372 quod
1291 2334 1323 2366 in
1341 2340 1505 2372 aeternum

1022 2386 1152 2419 regnum
1177 2380 1268 2412 nobis
1294 2382 1408 2424 vigeat,
