1650 2610
671 127 928 162 -195—

531 224 561 256 9.
588 224 692 256 Deum
715 227 839 263 patrem
865 233 931 256 cum
958 223 1023 256 filio

591 271 692 303 Simul
718 280 787 303 eum
812 274 921 304 sancto
946 272 1060 311 spiritu

589 317 695 351 Unum
720 322 880 359 potentem
903 320 1029 351 nomine

588 365 683 397 Fusis
710 375 833 399 oremus
857 366 1016 406 precibus.

218 428 255 456 X.
270 442 307 448 -,
324 426 348 462 11
361 427 379 457 3
389 438 475 465 quem
486 431 598 458 merito.
608 444 646 449 —
656 428 683 464 5,
697 428 711 457 1
722 431 867 459 Exsultet.
878 446 916 450 —
925 429 953 466 5,
963 430 983 459 4
995 431 1113 459 iudicat.
1125 447 1162 452 —
1173 430 1199 466 6,
1212 430 1226 459 1
1237 432 1400 468 prophetat,
1410 447 1416 450 -
1428 447 1448 451 —

143 463 168 497 6,
185 465 202 492 2
216 466 316 495 Tesse.
330 482 369 486 —
390 466 416 501 6,
437 465 454 496 3
474 468 563 496 virili.
577 483 616 487 —
636 466 661 502 6,
675 467 695 496 4
714 469 771 496 Sed
788 469 845 497 Dei
864 470 931 497 feta.
951 484 990 488 —
1008 468 1033 503 ὃ,
1051 467 1069 496 :3
1088 472 1196 497 natum.
1217 485 1254 490 —-
1274 470 1300 501 δ’,
1314 467 1335 496 4
1349 471 1449 498 Domi-

141 512 220 531 num.
242 519 281 523 -—
299 505 335 533 In
355 504 412 532 Str.
427 503 444 533 6
463 506 505 533 ist
524 506 724 534 unvermittelt
742 508 839 535 Maria
858 508 1022 544 angeredet.
1044 523 1081 527 —
1102 505 1161 535 Cfr.
1181 508 1282 544 Mignc
1299 505 1344 541 86,
1367 505 1449 536 1134.

536 605 596 638 137.
614 606 652 639 111
672 615 694 637 s.
716 607 863 639 Iohannis
883 608 1055 648 Baptistae.

455 685 485 718 1.
511 686 599 717 Almi
623 686 800 726 prophetae
823 688 991 727 progenies
1015 689 1079 730 pia,

515 733 626 764 Clarus
650 736 782 773 parente
807 737 839 765 et
863 734 1001 766 nobilior
1026 739 1127 774 patro,

513 779 611 818 Quem
636 780 747 811 matris
772 781 863 813 alvus
890 782 1038 813 claudere
1061 784 1167 814 nescia

511 826 607 859 Ortus
636 826 723 858 erilis
747 828 893 868 prodidit
915 829 1064 861 iudicem.

453 885 484 916 2.
513 883 590 916 Cum
616 883 779 924 virginalis
805 884 893 925 regia
917 885 1050 925 gloriam

514 930 634 963 Summi
656 932 795 962 tonantis
821 932 948 963 nomine
971 933 1111 973 pignoris

514 977 664 1010 Gestaret
689 978 780 1010 aulae
804 979 919 1010 nobilis
945 979 1067 1019 intimo!

514 1024 659 1057 claustro
685 1025 817 1064 pudoris
842 1025 948 1057 fertilh
982 1027 1117 1069 integro,

456 1083 487 1115 3.
514 1080 587 1112 Vox
612 1082 778 1112 suscitavit
802 1082 899 1113 missa
923 1091 1100 1122 puerperae

512 1129 670 1168 Fovitque
696 1128 776 1160 vatis
794 1129 911 1168 gaudia
934 1130 1069 1170 parvuli,

512 1176 634 1207 Matres
660 1176 853 1215 prophetant
877 1185 1007 1208 munere
1032 1178 1208 1218 pignorum,

511 1223 622 1254 Mutus
642 1223 768 1254 locutus
791 1224 919 1255 nomine
943 1222 1002 1255 filii
1027 1227 1084 1257 est.

452 1282 483 1313 4.
513 1279 707 1311 Scribendus
733 1280 785 1311 hic
811 1284 867 1323 est²
897 1281 983 1312 vocis
1008 1283 1041 1313 ut
1067 1285 1180 1321 augeat

510 1327 649 1359 Nostrae
675 1336 821 1359 canorem
847 1328 989 1368 duraque
1013 1329 1141 1360 vincula

510 1374 676 1406 Dissolvat
698 1375 764 1407 oris
788 1374 879 1415 largo.
903 1375 1084 1414 prophetici

511 1421 688 1453 Verborum
714 1421 847 1453 habenis
872 1422 967 1454 litera
991 1423 1137 1456 nominis

452 1481 483 1512 5.
511 1479 581 1511 Vox
605 1486 741 1518 namque
766 1478 866 1518 verbi,
893 1488 955 1511 vox
980 1479 1156 1519 sapientiae
1181 1483 1238 1520 est,

507 1526 614 1558 Maior
639 1525 804 1565 prophetis
831 1529 863 1557 et
887 1527 990 1558 minor
1014 1526 1147 1570 angelis,

509 1573 568 1612 Qui
594 1574 803 1613 praeparavit
828 1574 926 1605 corda
950 1572 1092 1606 fidelium

509 1620 694 1660 stravitque
719 1624 824 1653 rectas
848 1621 990 1653 iustitiae
1014 1622 1093 1654 vias.

449 1679 480 1712 6.
509 1678 662 1710 Assertor
687 1678 780 1717 aequi
803 1687 866 1709 non
892 1686 952 1717 ope
976 1678 1064 1719 regia

510 1725 580 1757 Nec
604 1727 708 1756 morte
733 1725 814 1756 dura
838 1725 982 1764 linquere
1006 1727 1165 1757 tramitem

509 1769 587 1804 Veri
613 1776 752 1811 coaeum,
778 1781 842 1804 non
866 1772 953 1812 licet,
980 1773 1035 1813 ait,
1061 1773 1122 1805 tibi

508 1820 650 1853 Uxorem
676 1819 795 1852 habere
821 1819 932 1852 fratris
958 1820 1146 1853 adulteram.

452 1880 484 1911 7.
510 1878 596 1910 Hinc
619 1878 670 1909 ira
697 1877 781 1917 regis
806 1885 965 1917 saevaque
989 1876 1103 1911 funera

510 1924 699 1958 Saltationis
722 1933 855 1957 munere
876 1925 1016 1965 vendita,

506 1974 636 2005 Mensas
661 1973 789 2014 tyranni
815 1975 847 2004 et
871 1973 1003 2014 virginis
1030 1973 1138 2006 ebriae

507 2021 618 2053 Luxus
644 2020 781 2062 replevit
805 2021 959 2062 sanguine
983 2022 1100 2054 sobrio.

450 2081 482 2114 8.
507 2079 599 2111 Haec
623 2078 757 2111 vitricus
783 2077 841 2110 (lat
865 2078 950 2111 <lona
973 2079 1131 2119 vesanior,

509 2128 608 2166 Quam
633 2125 661 2158 si
686 2127 801 2158 veneni
824 2127 941 2166 pocula
966 2127 1126 2166 traderet3

507 2174 635 2216 Negare
659 2176 803 2214 praestat
828 2183 922 2215 quam
949 2174 1026 2207 <lare
1051 2174 1176 2217 vitrico,

507 2222 621 2255 Odisse
647 2224 800 2262 praestat,
827 2222 899 2262 plus
924 2226 1018 2255 nocet
1044 2222 1098 2253 hic
1122 2230 1220 2254 amor.

208 2291 289 2327 LSd3
316 2291 354 2320 X.
383 2305 421 2310 ——
448 2290 572 2317 Ferner:
597 2288 740 2323 Hymnar.
768 2296 822 2316 ms.
848 2289 1000 2316 Moissiac.
1028 2296 1103 2315 saec.
1131 2284 1175 2314 10.
1217 2285 1287 2314 Cod.
1314 2286 1450 2313 Rossian.

131 2331 216 2364 VIII,
238 2328 303 2359 144.
323 2328 488 2365 (0f.Ana1.
509 2327 548 2361 Π,
571 2325 606 2354 51
628 2328 683 2362 sq.)
702 2327 768 2355 ΒΜ.
783 2341 821 2346 -
837 2327 980 2362 Hymnar.
1002 2334 1055 2354 ms.
1068 2325 1186 2353 Pontici.
1207 2333 1283 2352 saec.
1305 2322 1349 2351 11.
1380 2323 1450 2351 cod.

132 2371 200 2398 Vat.
227 2367 274 2398 82.
299 2369 333 2397 V.
353 2382 393 2387 —
418 2367 504 2395 Brev.
533 2374 585 2394 ms.
607 2367 802 2393 monasticum
829 2373 905 2393 saec.
928 2363 972 2393 12.
1014 2364 1082 2392 cod.
1109 2363 1185 2391 Bibl.
1205 2362 1300 2390 Palat.
1323 2361 1450 2390 Vindob.

134 2405 217 2437 1826.
237 2408 272 2436 P.
293 2422 329 2427 ——
352 2405 377 2441 1,
400 2404 416 2434 1
437 2407 578 2441 progenie
598 2405 648 2441 pie
660 2404 729 2431 ΗΜ,
748 2420 787 2424 —-
807 2401 832 2438 1,
848 2402 867 2432 2
888 2405 917 2431 et
935 2401 1096 2436 &111thss
1111 2401 1147 2437 X,
1167 2401 1234 2435 EM,
1254 2401 1288 2434 P,
1310 2401 1380 2429 aber
1397 2408 1452 2428 vor

1220 2446 1277 2476 13*
