1650 2610
665 128 922 164 *108-

480 230 512 263 3.
538 229 605 268 Quo
625 226 669 269 hi,
695 232 810 257 novum
834 222 889 262 qui
915 220 1071 253 canticum

540 273 612 307 Tibi
637 274 766 305 ovantes
789 269 990 311 praecinunt,

538 319 690 354 Adiuncti
713 319 747 349 in
773 316 960 349 caelestibus

539 368 586 400 Te
610 367 811 406 perfruamur
832 363 965 403 largius.

223 447 286 473 MT.
307 459 342 465 -—
364 443 389 479 2,
412 442 429 471 2
448 443 541 470 Neale
560 441 673 468 andei-t:
701 440 759 467 Pro
782 439 880 475 queis:
903 438 952 465 die
971 434 1214 473 ungewdhnliehe
1233 432 1452 462 Konstrukfion

148 485 199 512 der
216 483 439 519 Prapcaitionen
465 481 534 507 aber
561 479 627 505 darf
649 478 698 505 bei
724 477 780 504 (len
798 476 992 504 Mozarabem
1016 473 1100 501 nicht.
1123 472 1300 501 befremden.
1321 485 1358 489 —
1380 468 1415 504 3,
1434 468 1450 496 1

147 522 264 549 nobum.
284 535 317 539 -
342 519 398 546 Cfr.
418 517 518 553 Migne
537 514 583 549 86,
604 514 674 550 9013
694 515 787 542 Neale
808 511 875 549 1483
896 513 1002 540 daraus
1021 511 1130 539 Daniel
1148 511 1200 545 IV,
1221 508 1267 537 76.

648 645 694 676 68.
724 644 771 675 Ad
791 642 936 675 Tertiam.

640 713 787 749 Tempore
803 710 947 750 paschali.

163 804 195 836 1.
220 803 286 834 Iam
309 802 411 842 surgit
433 803 514 834 hora
537 801 642 843 tertia,

220 849 265 881 Et
288 858 345 882 nos
369 849 482 880 intenti
512 848 674 888 currimus,

220 896 385 929 Psallendi
409 904 486 936 opus
511 895 687 935 implemus,

223 944 380 976 Christum
406 942 569 974 laudemus
589 942 768 973 Dominum.

165 1003 197 1033 2.
222 1000 312 1031 Hora
335 1006 457 1038 quoque
481 998 541 1030 hac
563 998 658 1029 tertia

223 1046 366 1079 Christus
401 1053 493 1077 cruce
516 1054 687 1084 suspensus
713 1047 770 1083 est,

221 1092 425 1124 Voluntatem
448 1092 550 1131 patris
575 1092 710 1132 implens

224 1139 338 1171 Mundi
362 1142 524 1178 peccatum
550 1138 692 1172 abstulit.

168 1198 200 1229 3.
226 1195 417 1227 Conscendit
440 1195 548 1227 sedem
571 1196 748 1238 propriam,

228 1241 323 1274 Sedet
346 1242 387 1273 ad
412 1242 513 1282 patris
538 1242 712 1281 dexteram,

229 1288 417 1321 Collaudant
440 1289 547 1320 throni
571 1288 750 1329 Dominum,

227 1336 323 1374 Quem
347 1335 463 1377 perfidi
485 1341 686 1376 negaverant.

169 1393 200 1424 4.
227 1391 294 1423 Nos
326 1391 483 1423 Christum
509 1391 609 1423 Deum
636 1391 776 1432 colimus,

226 1439 368 1470 Iudicem
392 1447 484 1478 quem
510 1446 695 1478 speramus,

229 1486 324 1524 Quem
348 1485 524 1525 prophetae
549 1485 736 1523 cecinerant,

231 1532 377 1572 Apostoli
402 1532 502 1564 secuti
525 1535 609 1564 sunt.

840 800 871 832 5.
897 799 1055 838 Egressus
1081 797 1160 829 hora
1183 797 1280 828 tertia

898 846 1034 878 Sanctus
1057 848 1151 883 pater
1174 842 1314 875 familias

899 894 961 925 Per
986 892 1125 932 singulos
1151 891 1299 923 denarios

900 940 1063 972 Conduxit
1092 938 1267 978 operarios.

843 998 874 1029 6.
901 997 939 1029 In
962 998 1027 1040 tua,
1055 994 1190 1034 Christe,
1216 995 1319 1031 vinea,

899 1044 997 1082 Quam
1023 1043 1165 1082 praemio
1189 1042 1253 1073 iam
1286 1041 1455 1080 cernimuS,

900 1090 1076 1129 Sequamur
1099 1098 1179 1130 opus
1199 1090 1369 1129 mysticum

901 1138 1037 1176 Propter
1067 1138 1257 1175 promissum
1290 1136 1456 1175 optimum.

843 1196 875 1227 7.
901 1194 998 1234 Ecce,
1022 1193 1199 1234 praecessit
1223 1190 1316 1237 [iam]
1341 1192 1432 1234 hora,

901 1243 940 1274 In
965 1250 1027 1281 qua
1052 1243 1179 1273 sanctus
1205 1241 1351 1280 espiritus

901 1289 1128 1329 Apostolorum
1156 1288 1287 1319 vascula

902 1337 953 1368 De
976 1336 1075 1367 verbo
1101 1334 1178 1367 fecit
1203 1335 1302 1367 ebria.

847 1393 878 1424 8.
903 1390 1042 1424 Infunde
1066 1400 1203 1430 sensum,
1228 1391 1374 1433 Domine,

905 1439 953 1471 Ut
975 1441 1008 1470 te
1031 1447 1180 1471 canamus
1202 1438 1373 1481 laudibus3

911 1485 1045 1525 Christe,
1072 1486 1256 1525 redemptor
1280 1486 1430 1525 omnium,

909 1532 1080 1565 sanctifica
1102 1537 1247 1566 nostrum
1273 1534 1412 1566 chorum.

234 1606 272 1633 X.
296 1619 333 1625 —-
359 1603 390 1640 2,
412 1603 429 1633 ζ)
458 1605 601 1641 implevit.
625 1621 659 1625 —
687 1602 718 1639 3,
738 1604 759 1632 4
786 1607 972 1641 negaverunt.
1000 1622 1038 1625 —
1057 1603 1091 1639 4,
1116 1604 1137 1633 4
1161 1607 1309 1641 Apostuli.
1329 1621 1365 1625 —
1393 1606 1425 1641 6,
1446 1605 1464 1635 3

161 1644 323 1681 Sequimur.
333 1657 369 1661 —
383 1643 548 1679 Doxolcgie
562 1642 612 1670 der
626 1643 776 1671 Osterzeit.
790 1657 827 1662 ——
842 1642 897 1670 Cfr.
908 1644 1009 1678 Migne
1024 1641 1068 1677 86,
1088 1642 1156 1679 9523
1169 1644 1345 1673 Thomasius
1355 1646 1394 1680 H,
1405 1643 1463 1673 415

160 1681 308 1717 (Abdruck
319 1690 379 1709 von
391 1681 429 1716 X,
443 1681 539 1708 ausser
552 1679 579 1714 3,
594 1679 803 1717 4negaverant
817 1681 875 1708 und
889 1681 915 1717 7,
933 1679 949 1709 1
965 1680 1130 1717 processit)3
1144 1682 1253 1710 dat-aus
1266 1683 1375 1711 Daniel
1387 1684 1413 1717 1,
1427 1681 1463 1710 70

162 1719 204 1753 (er
216 1720 359 1747 bemerkt:
382 1718 499 1755 „Habet
516 1719 667 1746 Thomasii
682 1718 877 1753 Hymnarium
896 1728 932 1747 ex
945 1719 1029 1747 Brev.
1048 1720 1240 1748 Mozarabum
1260 1720 1311 1749 sed
1330 1722 1466 1757 plurimis

160 1757 233 1785 locis
253 1755 417 1790 vitiosum“‚
444 1757 590 1784 vermehrt
614 1757 683 1784 aber
709 1757 766 1784 den
788 1758 864 1785 Text
888 1767 936 1785 um
963 1755 981 1783 2
1006 1759 1124 1785 weitere
1150 1756 1283 1794 Fehler);
1310 1759 1405 1787 Neale
1431 1757 1465 1786 17

162 1793 227 1830 (mit
249 1796 399 1822 mehr-eren
418 1794 625 1831 Anderangen,
647 1795 695 1823 die
712 1795 820 1823 Daniel
838 1795 888 1830 IV,
908 1793 945 1823 43
965 1795 1009 1823 als
1028 1797 1192 1824 Varianten
1214 1795 1392 1832 „Arevalos“
1413 1806 1466 1825 un-

162 1840 258 1867 genau
276 1832 446 1868 nachtriigt).

679 1960 724 1992 69.
752 1961 797 1992 Ad
815 1961 949 1993 Sextam.

181 2041 215 2073 1.
239 2041 308 2072 lam
333 2048 441 2072 cursus
464 2039 562 2072 horae
586 2040 689 2072 sexies

239 2087 337 2118 Rotat
362 2086 425 2118 diei
447 2090 601 2126 tempore,

239 2133 308 2166 Nos
332 2133 481 2166 admonet
503 2142 562 2173 per
591 2135 694 2166 omnia

239 2181 366 2213 Laudes
392 2180 514 2213 referre
538 2180 670 2213 debitas

183 2239 214 2271 2.
241 2238 333 2270 Nunc
357 2238 471 2270 Petrus
496 2246 589 2270 orans
613 2237 758 2277 gentibus

241 2285 355 2317 Fidem
379 2284 518 2317 futuram
540 2285 707 2326 prospicit,

242 2332 336 2364 Nunc
359 2333 432 2364 viva
458 2333 600 2366 Christus
626 2331 762 2364 feminae

244 2380 348 2412 Instat
370 2378 489 2412 fluenta
512 2380 650 2412 tradere.

856 2043 888 2076 3.
912 2044 983 2076 Hoc
1008 2045 1084 2076 solis
1107 2054 1184 2078 aevo
1209 2047 1346 2086 mystice

914 2091 994 2122 Tres
1018 2092 1202 2131 patriarcha
1227 2094 1370 2134 hospitat

917 2137 1027 2170 Carnis
1050 2138 1153 2178 figura
1173 2141 1303 2173 nuntios

920 2184 985 2217 Sub
1011 2187 1164 2219 trinitatis
1188 2188 1327 2220 numine.

861 2242 893 2274 4.
920 2241 1069 2275 Perfecta
1093 2244 1205 2275 summi
1228 2244 1343 2276 calculi

918 2288 1009 2321 Haec
1031 2290 1137 2330 prima
1160 2294 1286 2325 constat
1313 2293 1474 2334 partibus,

920 2337 1007 2376 Quae
1033 2338 1127 2370 ducta
1151 2347 1221 2370 sese
1244 2338 1373 2379 perficit

921 2384 1084 2425 Tenetque
1108 2386 1219 2418 mundi
1244 2385 1411 2422 fabricam.
