1650 2610
353 264 408 296 23.

355 465 410 496 24.

355 665 410 695 25.

360 865 414 896 26.

361 1066 415 1095 27.

364 1266 418 1297 28.

365 1466 421 1496 29.

368 1666 421 1698 30.

370 1865 424 1898 31.

371 2067 426 2098 32.

374 2269 428 2301 33.

697 159 953 194 —166-

434 261 521 293 Inter
545 267 621 298 quos
644 256 741 296 igitur
763 255 852 293 virgo
877 250 1005 292 egregia

431 307 551 339 Basilla
574 303 714 344 reppulit
736 309 883 341 sponsum
908 301 938 330 et
962 296 1078 333 omnia,

431 354 555 387 Maleus
579 360 614 383 se
637 349 742 390 gladio
767 347 891 379 fervido
916 345 1058 385 plectere

434 401 531 439 Quam
555 398 661 438 sponsi
685 395 790 427 rabidi
816 393 947 433 copulae
969 390 1108 423 tradere.

436 462 619 499 Tempestas
645 457 744 488 oritur
768 464 864 487 saeva
887 452 1077 494 tyrannidis,

435 508 565 539 Sanctos
589 504 762 544 perniciter
786 502 892 533 caedit
915 502 947 532 et
969 499 1098 540 interit3

433 555 484 586 Ad
511 554 588 583 haec
611 550 752 589 Eugenia
773 549 910 588 virgines
935 546 1094 581 admonet,

433 602 558 633 Summo
583 601 618 628 ut
641 597 745 628 studio
770 604 805 627 se
828 595 896 627 Deo
915 595 1117 635 praeparent,

436 661 554 693 Basilla
578 658 683 698 gladio
707 658 858 696 plectitur
880 656 955 687 ilico

434 708 563 739 Necnon
589 708 621 736 et
643 705 720 736 socii
746 705 860 735 Protus
885 701 1095 742 Iacinthusve‚

434 755 509 786 Post
534 762 611 793 quos
634 752 808 792 Eugeniam
833 751 875 782 ad
898 757 985 781 aram
1008 748 1165 787 imperant

436 801 527 833 Cultu
551 799 732 831 daemonico
756 802 791 829 ut
815 801 888 829 tura
911 795 1031 828 offerat.

442 862 504 894 Sed
525 870 598 892 mox
623 860 663 891 ad
687 860 854 892 Dominum
880 857 1002 898 palmas
1026 859 1062 887 ut
1087 854 1189 895 erigit,

436 909 600 948 Templum
626 908 772 938 continuo
796 906 922 945 pulveri
945 904 1093 935 traditur.

437 956 558 988 innexa
580 954 681 993 lapidi
704 953 816 985 Tiberi
839 953 962 992 gurgite

438 1003 475 1034 ln
500 1010 654 1041 praeceps
678 999 772 1032 fluvio
798 1000 886 1039 virgo
913 997 1115 1036 demergitur.

441 1063 510 1094 Nec
533 1062 632 1101 mergi
657 1062 777 1100 patitur
800 1063 895 1100 rupta
919 1057 1081 1096 funabula,

441 1110 535 1141 Vadit
560 1117 618 1148 per
639 1109 749 1140 latices
774 1117 871 1147 supra
895 1105 1088 1142 natantibus,

439 1156 530 1195 Nam,
558 1156 651 1186 Petro
675 1156 709 1186 in
733 1156 845 1195 pelago
871 1154 925 1193 qui
950 1151 1009 1183 fuit
1034 1151 1155 1191 obvius,

439 1203 538 1234 Novit
561 1203 623 1233 iam
646 1201 771 1242 populis
798 1210 867 1232 esse
892 1208 960 1231 cum
985 1198 1122 1230 innubis.

445 1264 486 1295 Se
510 1264 555 1294 nil
579 1262 734 1302 proficere
759 1262 858 1294 cernit
883 1264 919 1292 ut
941 1260 1067 1299 impius,

437 1310 574 1342 Mandat
597 1309 777 1340 fornacibus
802 1309 927 1340 mittere
953 1307 1123 1349 caelibem3

439 1357 566 1388 Fornax
590 1355 736 1392 frigidior
760 1365 834 1387 mox
858 1356 930 1387 nive
954 1353 1042 1385 faeta
1066 1357 1125 1394 est,

443 1403 512 1434 Nec
533 1403 615 1442 ignis
637 1403 756 1434 ibidem
780 1403 864 1434 visus
889 1406 938 1433 est
968 1401 1093 1433 iterum.

447 1464 527 1496 Post
548 1464 580 1494 in
607 1472 752 1494 carcereo
777 1463 899 1494 lubrico
923 1462 1074 1500 truditur,

442 1510 511 1541 Nec
534 1508 611 1541 defit
633 1510 761 1541 radians
785 1511 839 1541 lux
863 1510 909 1541 ibi
933 1509 1087 1547 martyri3

440 1557 555 1588 Mortis
580 1565 637 1596 per
661 1557 801 1596 gladium
824 1557 888 1588 iam
915 1564 986 1588 caro
1012 1554 1164 1595 fungitur,

443 1604 541 1635 Vadit
564 1604 689 1635 siderea
713 1604 753 1635 ad
778 1604 848 1635 loca
872 1603 1012 1643 spiritus,

447 1664 500 1696 Ad
525 1664 611 1695 cuius
635 1665 786 1695 tumulum
811 1665 944 1697 Claudia
966 1664 1154 1702 lacrimans3

443 1711 545 1743 Adest
561 1711 712 1753 Eugenia‚
738 1712 833 1743 matri
857 1720 892 1743 se
916 1710 1030 1743 obicit:

440 1758 555 1799 Mater,
581 1759 692 1798 gaude,
719 1759 774 1799 ait,
799 1761 832 1790 te
854 1759 941 1791 Deus
966 1757 1091 1797 aspicit,

445 1804 631 1836 Sanctorum
655 1806 773 1845 gremio
797 1806 936 1846 iungeris
961 1805 1058 1837 ocius,

448 1865 570 1897 Mancia
593 1866 775 1906 pignoribus
800 1876 872 1898 nam
895 1866 970 1906 tuis,
994 1868 1031 1897 ut
1055 1866 1169 1904 colant,

447 1912 533 1943 Sicut
556 1912 744 1953 didicerunt,
772 1914 931 1946 Christum
956 1916 988 1944 et
1009 1912 1159 1945 ambiant.

447 1958 553 1990 Mater
578 1960 723 1991 continuo
750 1961 835 1992 volat
858 1962 900 1993 ad
923 1960 1055 1993 aethera

447 2006 497 2036 Ac
522 2005 646 2037 demum
667 2006 792 2038 suboles
817 2011 890 2047 post
912 2008 1013 2039 multa
1034 2010 1189 2046 tempora.

450 2066 527 2104 Iam,
553 2066 670 2098 Christi
694 2066 822 2108 famula,
849 2068 922 2101 fave
944 2069 1134 2110 lugentibus,

450 2113 517 2144 Iam
540 2122 632 2153 nunc,
654 2114 807 2154 Eugenia,
834 2117 919 2156 erige
942 2116 1113 2156 supplices,

450 2160 538 2191 Iesus
562 2161 777 2200 cunctipotens
802 2164 949 2203 protegat.
970 2164 1103 2203 exsules,

450 2206 556 2238 Vitam
580 2208 759 2247 percipiant
783 2213 894 2242 cuncta
917 2209 1048 2242 familia.

453 2267 505 2300 Ab
531 2268 634 2308 aegris
657 2269 816 2308 perimens
840 2271 943 2303 scelus
968 2271 1104 2315 aboleat,

450 2315 501 2348 Sit
523 2314 640 2347 functis
663 2317 789 2357 requies
811 2319 919 2357 ampla
939 2317 1099 2359 fidelibus,

453 2363 572 2402 Iugum,
599 2363 683 2402 quod
707 2367 756 2395 est
780 2365 902 2404 durum,
928 2364 1053 2398 auferat.
1076 2367 1174 2406 ocius,

452 2410 576 2442 Bellum
601 2409 752 2452 aufugiat,
777 2421 888 2452 pacem
914 2415 946 2444 et
967 2412 1093 2445 inferat.
