1650 2610
413 1391 430 1419 ΕΠ

736 142 990 175 -202-

556 234 619 266 142.
653 234 687 265 In
707 240 747 263 ss.
768 230 885 263 Iuliani
906 232 937 262 et
955 229 1133 261 Basilissae.

437 330 445 337 .
470 305 536 337 Iam
562 303 716 343 passionis
741 300 939 333 inchoandae
963 299 1097 339 gloriam

469 351 565 383 Fides
590 350 675 381 beati
701 348 815 380 Iuliani
843 348 1005 389 provocat,

468 399 566 436 Quam
591 396 772 428 Marcianus
797 394 972 426 nuntiatam
997 402 1060 425 nou
1085 391 1190 424 ferens

468 445 582 476 Omnes
607 442 717 474 fideles
742 445 917 481 martyrum
945 440 1143 472 sacrichoros

465 490 616 522 Flammis
641 489 749 529 peruri
773 497 832 528 per
854 488 998 520 satellem
1025 486 1191 527 praecipit.

469 576 530 605 Ast
553 573 718 615 Iulianum,
746 581 837 611 quem
861 572 1014 604 rebellem
1038 571 1182 613 pertulit,

464 620 556 652 Iubct
581 619 741 659 suspendi,
768 619 929 651 verberari
955 617 1103 659 fustibus,

465 665 528 701 Sed
553 676 632 698 unus
658 675 696 698 ex
718 666 767 697 his
794 675 903 698 caesor
927 676 1005 698 ausu
1027 665 1160 707 pestifer

465 714 597 746 Sacrata
623 714 700 746 diris
725 714 868 745 membra
891 714 1028 745 tundens
1053 713 1169 745 ictibus

467 761 585 794 Carens
609 761 701 792 ocelli
726 761 810 792 ultus
836 764 885 792 est
908 770 981 792 mox
1005 761 1133 793 lumine.

434 871 441 878 .
468 846 563 884 Quem
588 845 729 877 Iulianus
756 853 859 888 carne,
888 845 983 877 corde
1006 845 1188 877 illuminans

466 893 592 925 Christo
618 892 757 924 futurum
783 893 987 932 praeparavit
1011 895 1195 933 martyrem,

465 940 523 971 Ast
549 939 619 978 ipse
640 941 760 971 tractus
786 947 844 977 per
868 940 990 978 plateas
1017 939 1142 971 ducitur

464 986 669 1025 Torqucndus
695 986 779 1016 omni
803 986 992 1018 saevitatum
1021 987 1162 1025 pondere

467 1033 642 1072 Poenisque
669 1032 756 1064 duris
781 1032 995 1064 vulnerandus
1021 1034 1146 1066 acriter.

467 1117 532 1148 Iam
561 1117 744 1148 turbulenta
767 1117 957 1155 praesidalis
982 1118 1068 1156 optio

465 1163 612 1195 Sanctum
641 1163 777 1195 cruentis
802 1164 947 1195 vinxerat
974 1165 1146 1205 doloribus,

466 1210 511 1242 Et
534 1219 616 1249 ecce,
644 1213 762 1242 tractus
788 1214 910 1251 martyr
934 1212 976 1243 ad
1000 1212 1103 1243 locum
1130 1212 1226 1249 venit,

467 1258 532 1296 Quo
558 1258 649 1289 dulce
672 1257 785 1297 pignus
813 1258 966 1290 educatur
989 1260 1158 1299 praesidis,

470 1305 561 1337 Celso
586 1308 715 1336 vocatus
741 1304 862 1336 Celsius
888 1305 1051 1338 vocabulo.

437 1411 444 1419 .
472 1388 529 1426 Qui
555 1388 683 1420 visionis
708 1388 844 1427 glorioso
869 1390 987 1420 lumine

469 1434 586 1466 Christi
609 1434 736 1467 fidelem
761 1436 932 1467 comminus
956 1445 1030 1468 mox
1054 1438 1180 1469 intuens

468 1481 625 1521 Fixosque
649 1482 753 1513 vultus
780 1482 919 1522 dirigens
943 1484 976 1514 in
1000 1487 1172 1523 martyrem

469 1527 581 1567 Stupet
604 1529 748 1567 polorum
772 1528 911 1569 legiones
938 1531 1090 1562 candidas

468 1574 598 1606 Blandis
625 1575 749 1607 beatum
776 1577 930 1608 consolari
954 1576 1112 1613 affatibus,

438 1686 444 1692 .
471 1659 541 1691 Hoc
564 1669 672 1691 rursus
696 1659 780 1691 idem
808 1661 907 1692 cernit
931 1665 1024 1693 aucta
1048 1664 1150 1703 gloria

469 1707 631 1746 Caputque
655 1716 751 1748 supra
773 1708 922 1747 martyris
948 1711 1128 1742 coronulam

469 1752 608 1785 Gemmis
631 1762 791 1786 coruscam
815 1755 1027 1794 ponderantes
1053 1767 1189 1796 auream,

469 1800 578 1831 Trium
603 1801 742 1833 virorum
767 1802 903 1834 aureolis
927 1804 1067 1836 vultibus

467 1847 569 1879 Melos
595 1857 764 1888 supernum
791 1850 1025 1891 concrepabant
1045 1853 1181 1886 suavius

437 1958 443 1965 .
471 1932 603 1972 Talique
627 1934 697 1965 visu
720 1933 790 1973 ipse
815 1935 932 1975 quippe
958 1937 1090 1977 cantica,

466 1979 551 2018 Quae
576 1980 740 2012 harmonia
765 1982 951 2014 concinebat
975 1985 1111 2026 suavior,

468 2026 602 2058 Miratus
625 2028 709 2059 idem
732 2029 871 2060 vestibus
899 2030 1051 2070 depositis

470 2072 570 2105 Cursu
595 2075 709 2114 petivit
732 2079 904 2115 martyrem
927 2077 989 2109 Dei
1015 2080 1099 2111 celer

469 2119 509 2151 Se
534 2121 739 2154 christianum
767 2124 863 2156 corde
888 2128 920 2156 et
941 2134 996 2157 ore
1020 2126 1188 2166 profitens.

469 2205 653 2239 Subtractus
679 2208 795 2239 exhinc
819 2210 968 2249 martyris
994 2211 1127 2251 vestigia

470 2252 582 2285 Calore
608 2254 727 2286 Christi
750 2255 814 2286 iam
839 2265 929 2288 sacer
955 2258 1127 2300 deosculat,

469 2300 582 2340 Plagas
608 2301 767 2341 relambit,
794 2311 886 2335 sacra
908 2304 1002 2344 lingit
1025 2307 1166 2346 vulnera,

469 2346 509 2378 Se
533 2348 646 2380 Iuliani
672 2347 839 2388 profitetur
863 2352 1016 2384 asseclam

468 2394 590 2426 Nomen
615 2398 781 2435 parentum
808 2397 857 2429 vel
881 2398 1032 2430 honorem
1057 2401 1228 2442 abnegans,
