1650 2610
739 132 995 168 —254-

509 235 540 266 7.
567 233 630 265 Sed
655 239 734 272 pons
758 226 943 268 praevalido
967 224 1087 256 murice
1111 219 1225 253 fortior

562 281 601 313 111
624 281 733 319 partes
756 275 860 306 subito
885 281 1004 312 pronus
1028 268 1199 301 resolvitur

560 329 664 360 iustos
689 332 728 356 ex
751 320 896 354 manibus
920 318 1058 351 hostium
1083 321 1206 352 cruenS,

560 375 678 407 Hostes
701 369 848 402 flumineo
874 366 997 407 gurgite
1021 364 1186 396 subruens,

503 451 534 483 8.
560 449 651 481 Haec
673 446 777 488 prima
802 443 878 476 fidei
903 444 951 474 est
970 441 1021 473 via
1044 438 1196 481 plebium,

562 497 651 529 lnter
676 502 753 535 quos
777 491 891 523 mulier
915 490 1026 521 sancta
1046 484 1189 525 Luparia

564 543 697 574 Sanctos
719 538 905 579 aggrediens
930 535 1033 568 cernit
1056 536 1087 565 et
1111 532 1258 564 obsecrat

564 589 751 621 Sanctorum
775 585 895 617 monita
918 585 1049 623 pectore
1074 580 1242 612 collocans,

503 665 534 696 9.
562 665 652 696 Tunc
675 662 794 696 Christi
818 659 938 692 famula
961 656 1110 696 obsequio
1136 661 1251 695 parens

562 710 749 742 Sanctorum
773 707 883 739 statuit
910 705 1045 737 condere
1070 702 1237 742 fabricam,

563 757 630 795 Quo
655 755 836 794 baptisterii
856 753 943 785 unda
966 753 1156 794 patesceret,

562 803 607 834 Et
632 804 740 842 culpas
763 802 923 833 hominum
949 799 1051 840 gratia
1076 797 1223 838 tergeret.

483 886 538 919 10.
564 886 638 918 Illic
661 887 772 918 sancta
795 885 857 916 Dei
884 883 1001 915 femina
1024 882 1157 922 tingitur

563 932 607 964 Et
632 933 717 964 vitae
741 932 869 962 lavacro
893 931 995 961 tincta
1018 928 1207 964 renascitur,

562 978 660 1010 Plebs
685 977 739 1009 hic
764 977 911 1008 continuo
935 975 1082 1014 pervolat
1106 974 1148 1005 ad
1169 971 1266 1002 fidem

564 1024 609 1056 Et
632 1023 670 1055 fit
696 1023 851 1054 catholico
877 1022 1024 1062 dogmate
1047 1018 1225 1058 multiplex.

488 1108 541 1139 11.
571 1106 651 1139 Post
671 1108 751 1139 haec
775 1104 959 1145 pontificum
985 1113 1060 1137 cara
1083 1102 1237 1136 sodalitas

567 1154 710 1186 Partitur
735 1161 911 1193 properans
936 1155 1058 1192 septem
1082 1151 1116 1183 in
1139 1148 1282 1188 urbibus,

567 1202 613 1235 Ut
640 1201 743 1233 divisa
765 1200 845 1232 locis
871 1200 1018 1240 dogmata
1042 1198 1213 1230 funderent

569 1249 611 1280 Et
637 1248 757 1288 sparsis
782 1248 917 1287 populos
941 1247 1069 1287 ignibus
1093 1246 1235 1277 urerent.

485 1333 539 1366 12.
568 1334 631 1366 Per
653 1334 710 1365 hos
735 1332 913 1371 Hesperiae
938 1331 1053 1364 finibus
1077 1331 1181 1363 indita

566 1381 678 1412 Illuxit
701 1378 778 1411 fidei
804 1379 908 1420 gratia
931 1387 1121 1418 praecoqua,

567 1428 652 1459 Hinc
675 1426 773 1466 signis
798 1426 896 1458 variis
922 1430 1017 1465 atque
1040 1424 1184 1465 potentia

570 1474 729 1505 Virtutum
754 1473 898 1504 homines
925 1473 1057 1505 credere
1081 1473 1246 1512 provocat.

488 1559 542 1591 13.
568 1558 695 1590 Exhinc
719 1557 860 1588 iustitiae
884 1556 1041 1588 fructibus
1065 1556 1169 1588 incliti

568 1605 675 1636 Vitam
700 1604 870 1643 multiplici
895 1603 1025 1636 foenere
1048 1604 1231 1643 terminant,

573 1651 744 1692 Consaepti
768 1651 898 1683 tumulis
922 1651 1054 1683 urbibus
1078 1652 1112 1682 in
1137 1651 1212 1688 suiS,

573 1699 627 1731 Sic-
651 1707 762 1739 sparso
789 1699 896 1730 cinere
919 1708 983 1731 una
1007 1708 1123 1731 corona
1147 1700 1204 1731 est.

489 1785 544 1818 14.
571 1785 657 1817 Hinc
680 1788 723 1824 te,
750 1785 845 1816 turba
870 1787 982 1824 potens
1006 1785 1101 1816 unica
1124 1784 1254 1823 septies,

569 1833 669 1865 Oratu
694 1832 831 1872 petimus
856 1832 994 1871 pecton's
1020 1832 1131 1872 abditi,

570 1879 615 1911 Ut
638 1879 753 1911 vestris
778 1879 926 1917 precibus
952 1879 1040 1911 sidus
1063 1880 1096 1910 in
1122 1878 1260 1911 aetheris

572 1927 741 1957 Portemur
765 1925 844 1956 socii
870 1926 991 1957 civibus
1017 1927 1147 1966 angelis

488 2010 542 2041 15.
569 2010 619 2042 Sit
643 2011 727 2041 trino
752 2009 889 2042 Domino
915 2012 1017 2050 gloria
1040 2012 1143 2051 unico,

570 2057 664 2089 Patri
689 2065 757 2087 cum
783 2057 888 2095 genito
914 2060 1009 2097 atque
1032 2059 1199 2097 paraclito,

569 2104 628 2142 Qui
652 2104 737 2134 solus
760 2102 913 2135 Dominus
938 2105 1040 2136 trinus
1066 2108 1096 2136 et
1121 2113 1201 2137 uuus
1227 2108 1277 2136 est

572 2150 754 2183 Saeclorum
780 2149 887 2181 valide
911 2152 1038 2182 saecula
1063 2152 1236 2184 continens.

304 2243 376 2277 MT;
397 2242 476 2277 LSc3
498 2242 535 2269 X.
557 2258 594 2262 —
615 2240 640 2275 2,
662 2240 680 2269 2
700 2242 835 2268 Tisefons
855 2242 920 2276 MT,
941 2242 1015 2277 LSe,
1035 2244 1077 2278 X;
1098 2244 1204 2271 Isicius
1222 2244 1286 2277 MT,
1308 2242 1388 2276 LSc3
1410 2243 1539 2271 Hisitius

228 2281 265 2309 X.
286 2295 324 2300 —
342 2278 369 2313 2,
384 2278 402 2307 3
423 2280 588 2307 Vidaletius
603 2281 646 2315 X‚‘
668 2278 817 2307 Secundus
837 2279 910 2312 LSe,
931 2280 1082 2308 Secundus
1098 2284 1143 2309 est
1153 2281 1218 2314 MT,
1238 2281 1267 2307 X
1291 2280 1350 2313 (die
1372 2279 1543 2309 Schreibart

230 2318 391 2346 Secundius
412 2318 550 2345 entnahm
571 2318 620 2345 ich
640 2318 697 2345 den
714 2316 917 2344 Bollandisten
938 2326 960 2344 s.
981 2317 1028 2353 u.).
1044 2333 1079 2337 —
1106 2317 1132 2353 3,
1152 2317 1166 2346 1
1189 2318 1359 2354 evangelico
1380 2318 1446 2352 MT,
1466 2318 1540 2354 1280,

228 2356 273 2389 X3
302 2355 453 2382 vielleicht
476 2356 588 2383 damals
619 2351 766 2391 „lampas“
795 2354 838 2380 als
866 2363 953 2381 masc.
983 2356 1155 2384 heti-aehtet.
1177 2370 1215 2374 —-
1235 2353 1261 2388 3,
1283 2354 1302 2383 4
1321 2355 1456 2384 faucibus
1475 2357 1533 2386 ΜΤ

232 2394 270 2424 so
288 2391 417 2429 L(gegen
440 2393 568 2422 Metram
588 2402 615 2420 u.
637 2392 738 2427 sinn),
758 2391 843 2419 furba
862 2392 927 2428 MT,
947 2392 1028 2428 Ls03
1048 2395 1140 2422 firma
1159 2393 1196 2420 x.
1216 2408 1255 2412 —
1273 2391 1301 2427 4,
1324 2392 1338 2421 1
1359 2394 1429 2422 Acis
1450 2395 1486 2423 X.
1505 2379 1545 2417 —’
