1650 2610
151 205 170 237 5

671 108 927 145 2-10‘1—

176 232 183 238 .
208 204 349 238 Peccata
371 208 483 239 nostra
508 206 603 239 ablue
832 209 864 240 6.
891 207 950 246 Qui
976 215 1008 239 es
1032 216 1113 239 unus
1137 207 1290 247 potentia,

205 252 362 285 Miserere
385 253 486 298 nobis,
514 254 611 294 Deus,
890 255 971 286 Dele
995 256 1107 286 nostra
1132 254 1354 294 chirographa,

207 300 266 340 Qui
291 309 406 341 regnas
430 301 464 332 in
489 305 687 342 perpetuum,
892 302 937 334 Ut
960 304 1046 333 tuam
1072 310 1198 341 semper
1222 301 1356 341 gloriam

207 348 331 380 Adesto
355 348 474 380 nostris
498 349 658 389 precibus.
892 348 1012 381 Cuncta
1042 349 1206 380 laudemus
1239 358 1297 388 per
1329 348 1445 381 saecla.

212 402 290 431 LSd.
311 417 348 423 --
371 402 394 438 1,
416 401 434 431 3
455 406 546 438 tuum,
568 404 702 432 Domine.
723 419 762 424 —
779 403 806 440 4,
832 404 846 432 1
868 413 946 432 nunc
965 404 1044 432 fehlt.
1067 418 1102 424 ——
1123 402 1148 437 6,
1169 402 1188 431 4
1208 403 1334 431 saecula.
1353 419 1387 423 —-
1402 403 1447 430 Ist

136 440 215 469 wohl
236 442 284 469 ein
304 442 442 478 Hymnus
462 451 514 470 zur
534 443 676 478 Complet.

677 534 722 567 47.
754 534 900 566 sabbato.

656 601 705 630 Ad
723 601 915 631 Nocturnum.

150 660 180 693 1.
207 658 274 699 Tu,
301 668 376 698 rex,
402 660 589 700 redemptor
614 660 761 699 omnium,
835 662 866 694 3.
892 661 948 699 Ut,
974 659 1069 692 turba
1085 659 1239 699 quidquid
1259 660 1445 692 daemonum

205 706 266 745 Qui
292 708 415 749 cuncta,
442 715 524 746 quae
545 710 653 739 creata
678 710 764 745 sunt,
894 707 1045 747 Corrupit
1069 710 1141 739 astu
1166 708 1307 748 proprio,

207 753 311 786 Certis
339 753 372 785 in
397 761 509 785 aevum
534 754 656 794 legibus
892 754 1058 786 Parcendo
1085 762 1174 785 cures
1200 755 1306 787 omnia

205 799 361 840 Disponis
387 803 482 840 atque
507 801 654 833 ordinas:
893 801 938 833 Et
964 802 1046 833 dona
1073 801 1158 833 vitae
1184 800 1338 835 conferas,

151 858 184 891 2.
210 856 384 889 Nocturnis
407 858 494 889 horis
520 858 688 900 surgimus,
835 860 868 892 4.
893 857 944 889 Ne
967 858 1039 897 ipsa
1064 857 1154 897 plebs
1176 858 1369 897 nequissima

210 904 312 935 Actus
336 905 462 944 iniquos
487 905 667 945 pandimus,
897 905 1096 944 Auctrixque
1118 905 1222 935 cuncti
1248 905 1387 937 criminis

210 950 385 991 Nostrique
410 952 473 983 oris
500 960 649 992 organum
894 951 962 983 Nos
987 951 1029 983 ad
1053 959 1192 991 perenne
1216 952 1397 984 incendium

209 998 256 1030 Te
280 998 392 1031 laudat
416 998 541 1037 hymnis
568 999 723 1031 dulcibus.
896 999 1008 1032 Secum
1034 998 1220 1030 cremandos
1246 1000 1396 1033 attrahat.

471 1057 502 1089 5.
528 1056 574 1088 At
597 1064 683 1087 nunc
707 1058 868 1096 gementes
893 1055 1052 1095 poscimus

526 1103 638 1143 Tuam,
664 1102 760 1141 Deus,
788 1103 971 1143 potentiam,

527 1150 573 1183 Ut
597 1158 655 1182 nos
680 1150 719 1181 ab
745 1150 830 1182 omni
854 1149 972 1181 liberos

528 1197 659 1229 Reddas
685 1198 747 1228 cito
772 1196 908 1236 piaculo.

211 1251 285 1288 ΜΤ;
314 1251 349 1287 O;
375 1251 451 1280 LSd.
472 1266 509 1271 -—-
530 1250 562 1286 2,
591 1250 606 1278 1
628 1252 687 1279 oris
713 1253 783 1287 MT,
811 1252 887 1280 LSd.
908 1267 946 1271 —-
965 1250 998 1287 3,
1028 1250 1043 1279 1
1067 1253 1151 1280 turbe
1172 1251 1305 1287 quodque
1325 1251 1391 1279 ΜΤ,
1414 1266 1449 1270 -

136 1286 163 1322 3,
184 1288 202 1317 2
224 1288 339 1325 Corripi
360 1289 391 1318 O.
414 1304 450 1309 ——
470 1288 497 1323 4,
519 1288 536 1316 2
557 1290 717 1325 Auetrique
736 1289 801 1323 ΜΤ,
822 1289 904 1324 LSd3
926 1290 1064 1326 Atrisque
1086 1290 1117 1316 (L
1138 1304 1174 1309 -—-
1193 1288 1221 1323 4,
1242 1288 1261 1316 4
1280 1289 1448 1317 ‹zi-emendos

139 1326 169 1354 C.
190 1342 228 1348 -—
248 1326 275 1362 5,
295 1326 315 1355 4
334 1328 392 1355 cito
415 1328 554 1364 periculo.
576 1342 610 1347 —
633 1327 689 1355 Ofr.
711 1328 811 1363 Migne
829 1325 875 1363 86,
897 1325 961 1355 934.

682 1419 730 1450 48.
760 1418 906 1450 sabbato.

687 1485 735 1516 Ad
755 1486 911 1524 Vesperas.

157 1537 189 1570 1.
215 1536 333 1569 Rerum
358 1536 446 1568 Deus
471 1535 543 1568 fons
569 1537 715 1577 omnium,
841 1539 872 1570 3.
900 1536 1046 1569 Concede
1069 1546 1154 1569 nunc
1176 1537 1364 1570 mortalibus

214 1583 274 1622 Qui
299 1584 394 1616 rebus
417 1584 496 1616 actis
521 1584 666 1616 omnibus
898 1584 955 1617 Uti
979 1584 1134 1617 malorum
1159 1584 1280 1625 hostiis»,

214 1631 325 1663 Totius
351 1631 437 1664 orbis
463 1630 616 1664 ambitum
898 1632 1024 1664 Instare
1047 1632 1110 1664 iam
1135 1631 1306 1664 virtutibus

214 1678 320 1711 Censu
344 1679 477 1718 replesti
501 1687 677 1720 munerum,
898 1679 942 1711 Et
966 1679 1127 1711 munerari
1149 1680 1325 1720 prosperis.

156 1737 190 1770 2.
217 1735 289 1767 Non
316 1735 439 1767 actibus
465 1734 567 1767 fessus
592 1744 732 1776 manens,
840 1737 872 1769 4.
898 1736 1046 1768 Terroris
1066 1739 1103 1768 ut
1128 1745 1197 1768 cum
1222 1736 1337 1768 iudicis

212 1782 393 1816 Laboribus
418 1791 480 1814 non
506 1782 642 1825 saucius,
898 1783 1024 1815 Horror
1046 1792 1212 1824 supremus
1238 1784 1388 1825 coeperit,

216 1829 346 1862 Cunctis
372 1830 510 1870 quietem
541 1830 598 1862 das
623 1830 736 1871 aegris,
899 1831 1071 1863 Laetemur
1095 1839 1202 1863 omnes
1225 1832 1363 1863 invicem

216 1877 307 1910 Curis
333 1881 428 1910 ruant
449 1887 489 1909 ne
513 1877 677 1910 morbidis.
899 1879 993 1911 Pacis
1018 1879 1134 1919 repleti
1158 1888 1298 1912 munere.

221 1934 288 1961 ΜΤ.
310 1948 345 1952 -
368 1931 393 1967 1,
414 1931 432 1962 3
453 1933 574 1962 ambitu.
595 1948 631 1952 —-
652 1930 678 1967 2,
699 1931 717 1961 3
738 1933 865 1970 Cuncta3
885 1934 953 1962 sehr
972 1934 1161 1963 befremdlich
1180 1935 1221 1962 ist
1236 1935 1288 1962 der
1301 1934 1455 1962 metrische

142 1972 278 2000 Verstoss
298 1973 330 1999 in
350 1971 421 2008 „das
441 1970 566 2008 aegris“.
584 1986 623 1991 —
642 1970 671 2003 3,
692 1970 713 1999 4
731 1980 893 2001 munerare.
912 1987 950 1992 ...
969 1971 998 2007 4,
1018 1970 1036 2001 3
1050 1973 1217 2001 Laetemus.
1234 1987 1268 1992 -v
1284 1973 1342 2001 Gfr.
1355 1973 1456 2008 Migne

140 2008 186 2045 86,
208 2008 275 2039 926.
299 2025 335 2029 —
355 2010 477 2038 Betreffs
497 2011 592 2038 dieses
612 2009 718 2038 hochst
736 2010 951 2039 intere-ssanten
970 2011 1121 2046 Hymnus,
1153 2012 1204 2039 der
1223 2011 1279 2039 den
1296 2010 1454 2039 Abschluss

139 2049 190 2077 der
218 2048 302 2077 sechs
321 2048 576 2085 Schopfungstage
594 2048 714 2084 besingt
731 2049 792 2076 und
811 2048 860 2077 die
879 2048 976 2077 Series
995 2050 1046 2077 der
1066 2050 1179 2085 Hymni
1202 2049 1358 2077 cottidiani
1381 2048 1455 2076 iiber

140 2087 192 2115 das
212 2087 422 2116 Hexhiimeron
442 2086 620 2122 beschliesst
642 2096 665 2115 s-
686 2087 821 2115 Vorwort
841 2087 870 2115 S.
890 2086 938 2115 44.

597 2179 647 2211 49.
675 2179 719 2211 Dc
738 2179 845 2212 Prima
864 2178 997 2221 vigilia.

154 2241 185 2275 1.
212 2241 403 2276 obsidiones
429 2240 539 2274 obvias
842 2244 873 2276 2.
900 2242 1016 2274 Manus
1041 2242 1204 2281 perarmet
1228 2248 1311 2281 spes,
1338 2238 1429 2282 fides,

212 2289 365 2323 Paremus
391 2298 499 2322 omnes
523 2288 698 2321 carminum
897 2288 1037 2321 Lumbos
1063 2289 1172 2321 valens
1204 2297 1282 2320 crux
1316 2287 1453 2332 obtegat,

213 2337 333 2371 Contra
354 2338 562 2370 tenebrarum
587 2336 711 2377 ducem,
898 2336 1068 2378 Cingamur
1090 2344 1165 2368 ense
1189 2335 1321 2375 spiritus

213 2384 334 2419 Contra
357 2388 495 2418 taetrum
520 2384 702 2419 satellitem.
898 2385 1037 2424 Propter
1061 2383 1191 2416 timores
1217 2383 1368 2418 noctium.
