1650 2610
709 93 946 129 *67*

519 207 545 238 7.
578 206 668 238 Infra
687 205 909 238 hebdomadam
928 205 957 237 2.
977 205 1146 237 Adventus.

666 274 756 304 Feria
775 274 802 303 2.
825 273 864 304 ad
882 273 1009 303 Laudes.

194 332 226 366 1.
252 331 348 373 Ecce,
374 333 516 365 salvator
541 333 681 365 omnium
874 334 907 366 2.
931 332 1122 365 Mundemus
1147 332 1245 364 corda
1268 342 1289 364 a
1315 331 1464 364 sordibus

251 378 464 412 Desideratur
491 380 639 421 optimus,
932 380 1086 412 Parentes
1111 379 1194 413 viam
1218 378 1364 418 Domino,

252 426 419 460 Adventus
444 428 532 459 cuius
557 427 740 467 praedictus
934 426 1111 459 clamemus
1138 426 1243 459 cordis
1268 435 1404 468 organo:

252 474 413 507 venturus
440 478 489 507 est
512 475 708 515 quantocius.
934 474 1023 515 Veni,
1049 475 1242 513 redemptor,
1269 474 1358 506 salva
1381 482 1449 506 nOS.

570 543 603 575 3.
628 540 699 574 Deo
723 542 811 582 patri
835 541 879 574 sit
902 541 1005 582 gloria
1029 543 1088 575 etc.

243 605 293 636 .X.
312 620 351 624 —
372 603 397 639 I,
419 604 437 633 2
456 606 658 634 Desideratus.
679 621 715 625 —
739 605 795 633 Ofr.
816 606 917 642 Migne
936 603 982 640 86,
1004 603 1049 633 73.

602 725 630 756 8.
660 725 695 756 In
714 724 953 757 Circumcisiono
972 724 1006 756 D.
1026 725 1058 757 N.

718 791 767 822 Ad
786 792 943 829 Vesperas.

194 852 223 884 1.
252 851 350 884 Sacer
375 855 626 885 octavarum
653 852 721 884 dies
874 853 905 885 3.
932 851 1013 884 Inde
1038 850 1165 882 Simeon
1189 851 1388 891 grandaevus

297 899 469 932 hodiernus
494 899 615 943 rutilat,
976 906 1073 931 ovans
1099 898 1180 930 ulnis
1205 898 1324 937 accipit

248 947 316 986 Quo
329 947 503 979 secundum
517 955 644 979 carnem
657 946 802 979 Christus
931 946 1191 985 Amplexansque
1214 945 1304 978 videt
1326 944 1428 976 laetus

296 994 580 1027 circumcisus
605 993 754 1032 traditur,
978 993 1119 1024 salutare
1143 992 1290 1025 Domini:

251 1041 352 1081 Patri,
379 1050 442 1073 non
466 1041 649 1082 adoptione,
931 1039 1068 1072 Resolve
1090 1040 1154 1071 iam
1178 1047 1262 1071 nunc
1284 1039 1319 1071 in
1342 1048 1423 1078 pace

296 1091 482 1120 coaeternus
505 1096 630 1129 genere.
978 1090 1065 1118 artus
1089 1087 1167 1118 istos
1194 1085 1325 1119 debiles.

195 1155 227 1186 2.
253 1152 376 1192 Spiritu
401 1155 577 1193 completur
601 1154 691 1186 alvus
873 1154 902 1185 4.
929 1152 993 1185 Sed
1017 1161 1077 1185 nec
1099 1153 1157 1184 illa
1180 1153 1284 1193 impar
1308 1152 1403 1185 Anna

294 1201 501 1242 incorruptae
526 1201 667 1242 virginis,
979 1199 1174 1232 continentia
1194 1199 1355 1240 gradiens,

246 1248 378 1281 Pariens
404 1257 485 1288 quae
507 1248 625 1280 mansit
650 1248 775 1279 caelebs
930 1247 1030 1286 Quam
1054 1247 1087 1278 in
1112 1245 1191 1278 flore
1214 1247 1387 1280 iuventutis

293 1296 446 1337 virgoque
469 1304 646 1336 puerpera3
978 1294 1116 1326 coniunx
1139 1294 1337 1335 viduaverat,

247 1342 409 1375 Illibatam
432 1344 626 1383 genetricem
931 1341 1116 1381 Vagientem
1144 1340 1313 1372 confitetur

291 1391 398 1429 proles
423 1392 512 1423 casta
536 1390 634 1430 eligit.
978 1387 1047 1420 fore
1069 1388 1182 1420 mundi
1205 1388 1393 1429 principem.

525 1458 556 1490 5.
584 1455 722 1496 Impleta
746 1457 795 1486 est
819 1454 947 1494 priscae
969 1454 1004 1486 in
1027 1462 1063 1486 eo

632 1503 713 1542 legis
739 1502 946 1543 circumcisio,

586 1551 762 1590 Utriusque
783 1552 819 1581 ut
842 1550 1027 1582 testamenti

633 1606 669 1630 se
697 1599 859 1629 auctorem
884 1597 1077 1640 ostenderet,

585 1646 646 1684 Qui
670 1653 800 1677 manens
825 1645 859 1677 in
883 1644 1029 1677 trinitate

631 1692 782 1726 universa
807 1692 961 1724 condidit.

244 1769 318 1803 MT;
338 1766 409 1802 MC,
432 1768 469 1794 X.
490 1782 528 1786 —
550 1765 575 1801 1,
589 1765 606 1794 6
627 1767 677 1795 sed
701 1769 872 1795 coaeternus
892 1767 958 1799 MT,
971 1766 1037 1800 ΜΟ,
1052 1767 1080 1793 X
1096 1765 1177 1794 Ilios:
1199 1765 1250 1794 „ed
1266 1768 1428 1801 coaevus?).

172 1804 199 1840 2,
220 1804 238 1832 2
259 1808 430 1841 incorrupta
449 1805 514 1833 MT.
532 1819 570 1825 —
590 1803 617 1840 2,
638 1803 656 1832 ‘3
677 1806 758 1839 Quae
778 1806 896 1840 pariens
915 1805 981 1837 MT,
1001 1803 1065 1836 MC,
1087 1801 1127 1831 X.
1146 1819 1185 1824 —
1204 1802 1230 1838 2,
1251 1802 1272 1831 4
1291 1806 1374 1840 virgo
1396 1814 1481 1841 quom

168 1844 241 1878 ΜΤ,
261 1844 331 1879 MG3
358 1845 442 1880 virgo
464 1851 550 1879 quam
571 1852 742 1879 puerperam
763 1843 801 1870 X.
823 1857 860 1862 —-
879 1840 911 1876 3,
936 1841 953 1870 6
973 1843 1082 1878 prolem
1102 1842 1172 1877 MT3
1199 1844 1310 1870 castam
1330 1843 1395 1877 MT,
1415 1843 1479 1879 MC,

168 1882 206 1910 X.
233 1898 271 1903 —
298 1880 330 1915 Β,
351 1880 369 1910 3
389 1881 608 1918 Amplexusque
626 1881 670 1916 X3
696 1881 854 1909 videbatur
871 1881 940 1914 MT,
961 1880 1034 1916 Μῦς
1052 1881 1175 1908 videbat
1193 1881 1229 1908 X.
1257 1897 1294 1901 —
1321 1878 1355 1914 4,
1375 1879 1394 1908 2
1413 1890 1476 1909 cvn-

168 1922 307 1952 tinentffl,
328 1921 489 1955 viersilbig.
511 1936 549 1940 —
567 1917 595 1953 4,
616 1917 634 1947 3
662 1922 758 1954 Quum
777 1919 841 1947 MC.
861 1934 899 1937 —
918 1917 945 1953 4,
966 1917 983 1946 5
1005 1918 1189 1947 confitentem
1211 1920 1247 1947 X.
1329 1919 1480 1947 Zwisahen

167 1960 225 1987 Str.
251 1957 271 1986 4
297 1968 325 1986 u.
352 1957 369 1987 5
396 1959 487 1986 steht:
512 1957 689 1986 Veneranda
712 1960 783 1985 tuuc
808 1966 844 1985 ex
868 1957 934 1994 lege
955 1960 1009 1985 etc.
1033 1968 1072 1979 =
1091 1957 1216 1992 Strophe
1236 1955 1253 1985 5
1275 1958 1325 1986 des
1348 1959 1479 1993 Hymnus

168 1996 275 2032 „Sacer
293 1999 500 2032 puritatum
520 1995 614 2032 dies,⁴
637 1997 696 2033 vgl.
715 1995 881 2032 iiberhaupt
894 1996 942 2024 die
953 1995 1143 2032 Anmerkung
1158 2005 1225 2024 zum
1241 1995 1480 2032 letztgfflanntcn

167 2035 313 2101 Hymnffi’
331 2034 557 2108 ΞΒΒΟΧυΙοςίθ
580 2034 654 2063 fehlt
671 2035 715 2071 Χ,
736 2036 780 2063 sie
799 2035 893 2062 lautct
905 2036 936 2062 in
948 2034 1006 2062 MT
1025 2033 1086 2068 (cfr.
1109 2034 1221 2069 „Dulce
1241 2042 1358 2062 carmon
1377 2034 1480 2071 lingua

166 2082 269 2110 proma
284 2093 290 2100 .
392 2082 400 2098 2

224 2131 329 2159 Gloria
349 2133 379 2158 et
399 2130 493 2158 honor
511 2130 575 2159 Deo
803 2130 840 2157 In
851 2129 923 2157 MC:
945 2129 1048 2158 Gloria
1069 2132 1098 2157 et
1116 2130 1210 2158 honor
1229 2132 1307 2166 patri

261 2176 473 2206 usquequaque
493 2168 647 2202 altissimo,
976 2169 1010 2195 in
1030 2168 1154 2196 excelsis
1173 2170 1297 2203 resonet,

221 2208 291 2236 Una
308 2208 388 2243 patri
407 2206 528 2242 filioque
940 2206 1043 2235 Gloria
1056 2207 1167 2243 triplici
1181 2208 1290 2233 canant
1300 2205 1398 2241 (canet
1412 2205 1479 2241 MC)

260 2246 363 2273 inclito
384 2245 536 2281 paraclito,
976 2244 1146 2282 angelorum
1167 2246 1293 2279 agmina,

222 2283 276 2312 Oui
296 2284 362 2312 laus
383 2285 413 2311 et
429 2286 560 2320 potestas
938 2282 1043 2312 Gloria
1055 2284 1151 2310 trinae
1163 2283 1267 2309 virtuti
1276 2281 1404 2315 (virtutis
1411 2283 1478 2313 MC]

257 2331 311 2359 per
330 2325 451 2350 aeterna
470 2322 597 2350 saecula.
973 2322 1006 2348 in
1026 2323 1146 2350 aeterna
1164 2319 1291 2348 saecula.

164 2380 220 2408 Cfr.
240 2381 343 2416 Migne
362 2378 409 2414 86,
432 2377 502 2416 1403
522 2379 617 2408 Neale
637 2376 683 2413 82,
704 2379 810 2407 dai-aus
830 2380 938 2407 Daniel
958 2378 1009 2413 IV,
1031 2376 1075 2406 60.

1264 2423 1307 2453 5*
