1650 2610
313 217 368 249 27.

307 462 363 495 28.

310 709 367 741 29.

311 955 366 989 30.

312 1202 366 1234 31.

307 1449 362 1481 32.

303 1696 359 1728 33.

304 1943 360 1975 34.

300 2193 355 2225 35.

656 143 708 168 ,-
758 122 826 158 205
880 142 921 147 -

395 216 481 248 Hinc
505 217 567 249 iam
593 218 717 250 theatro
743 219 916 251 intromissi
941 219 1108 257 martyres,

388 264 467 296 Cum
491 265 613 298 noxiali
637 265 836 305 perditorum
859 267 984 307 agmine

388 311 496 350 Mixti,
521 314 681 345 mucronis
710 316 880 345 enecantur
906 314 1052 354 verbere,

387 355 451 391 Sed
476 359 647 393 candidato
673 360 893 401 adprobantur
914 362 1065 402 sanguine

387 405 505 438 Munus
528 408 664 448 piorum,
691 416 796 440 massa
818 408 917 441 rubra
942 417 1116 449 corporum.

391 462 472 495 Nam
498 464 631 504 quisque
655 473 754 505 supra
779 466 920 504 corporis
946 465 995 496 sui
1020 465 1142 497 thecam

384 510 575 550 Apparuere
601 511 773 543 christiano
799 513 901 544 coetui

388 557 425 589 In
452 557 600 597 virginali
624 558 770 590 dedicato
796 559 953 599 stigmate,

389 604 528 642 Quorum
551 614 692 637 eruorem
717 606 784 637 late
808 615 987 647 respersum
1012 606 1128 647 probat

389 651 480 683 Haec
503 652 575 691 ipsa
598 655 694 696 terra,
722 662 782 693 quo
807 654 915 693 perire
938 655 1068 687 nesciat.

393 708 517 740 Horum
541 709 637 740 beata
656 709 720 740 iam
744 709 872 749 sepulta
895 718 1031 750 corpora

389 754 542 787 Fundunt,
566 764 737 795 perennem
764 757 803 788 de
827 757 982 796 sepulcris
1006 757 1173 798 gurgitem,

388 802 440 834 Ex
467 803 553 834 ouius
577 804 672 835 undis
697 801 769 835 fons
791 806 934 835 sacratus
959 804 1081 844 gratiae

389 850 547 890 Impletur
571 851 686 889 amplis
711 851 855 882 cursibus
879 850 1092 890 lymphaticiS‚

393 897 513 936 Quibus
538 898 700 936 stupenda
723 898 883 937 prodeunt
904 897 1068 929 miracula.

393 954 466 985 mic
490 957 615 986 sacrato
641 953 811 986 functionis
836 956 980 994 tempore

389 1001 516 1033 Natalis
538 1002 651 1034 horum
675 1002 861 1041 baptizandi
887 1000 1056 1042 confluunt,

388 1048 509 1081 Decem
531 1049 653 1089 leprosi
675 1057 750 1080 mox
775 1048 908 1080 salutem
931 1047 1109 1090 perferunt,

388 1096 475 1128 Hinc
497 1105 561 1128 vox
581 1096 748 1128 tremenda
774 1097 814 1128 (le
838 1096 984 1135 supernis
1008 1096 1147 1128 intonat:

388 1144 488 1176 Fides
512 1146 652 1176 meretur
682 1143 798 1176 Iuliani
821 1143 902 1175 haec
926 1143 1040 1178 omnia.

393 1200 537 1241 Iamiam,
563 1200 657 1232 beate
680 1203 812 1241 martyr,
840 1200 915 1231 audi
939 1199 1110 1240 supplices,

386 1248 464 1289 Iam,
491 1248 625 1289 Iuliane,
652 1246 817 1280 confoveto
839 1247 983 1280 servulos

388 1296 432 1327 Et
457 1295 631 1328 advocatus
655 1297 829 1336 martyrum
857 1294 1015 1326 consortio

387 1344 476 1376 Fave
500 1343 686 1382 redemptis,
712 1342 872 1383 languidis
896 1342 960 1373 iam
985 1341 1127 1381 subveni,

386 1390 536 1423 Adversa
560 1390 683 1430 pellens
709 1391 742 1420 et
765 1390 905 1421 secunda
928 1387 1125 1428 impertiens

389 1447 450 1479 Tui
475 1455 625 1487 sequaces
651 1445 823 1486 adprobati
851 1446 1011 1477 saeculum

385 1494 554 1527 Disoamus
580 1503 687 1527 omnes
712 1493 852 1525 moribus
876 1495 1086 1532 contemnere,

385 1543 471 1574 Iram
498 1542 636 1580 domare,
660 1540 747 1573 fluxa
772 1540 875 1573 earnis
901 1548 1061 1582 spernere,

384 1589 482 1622 Nullo
504 1589 625 1622 tenacis
651 1588 869 1621 blandimento
897 1588 1039 1627 corporis

385 1637 445 1670 Usi
469 1637 614 1678 polorum
639 1634 843 1676 perfruamur
862 1635 997 1676 gaudiis.

386 1694 491 1726 Nullis
516 1694 641 1733 gravati
666 1693 830 1724 criminum
857 1692 1009 1732 contagiis

385 1741 518 1781 Semper
543 1741 689 1780 supernis
716 1748 951 1771 concrememur
974 1738 1111 1779 ignibus,
1137 1770 1140 1773 ,

383 1788 516 1829 Semper
541 1796 679 1828 superna
704 1789 837 1819 caritate
859 1786 976 1819 fervidi

385 1835 643 1877 Gompunctionis
666 1835 854 1867 innovemur
878 1842 1016 1877 munere,

383 1883 544 1916 Christum
568 1886 735 1922 sequentes
758 1882 991 1922 praestolemur
1015 1880 1163 1914 iudicem,

385 1941 464 1973 Dies
488 1943 525 1972 ut
544 1941 603 1972 illa
626 1948 697 1972 eum
720 1939 887 1971 tremenda
910 1939 1044 1979 venerit,

382 1989 601 2029 Mundumque
624 1990 730 2020 terror
752 1987 923 2020 iudicantis
947 1986 1112 2026 presserit,

383 2036 544 2076 Sponsore
567 2044 659 2068 sacro
683 2039 716 2068 te
740 2038 875 2076 patrono
900 2032 1031 2067 vernulo

381 2085 534 2117 Dextram
559 2086 703 2116 tenentes
729 2083 899 2115 evadamus
923 2085 1057 2119 tartara,

380 2132 491 2173 Regno
515 2131 610 2172 potiti
633 2133 806 2164 vestiamur
830 2131 941 2171 gloria,

384 2190 434 2224 Sit
457 2189 595 2222 trinitati
618 2188 813 2230 sempiterna
837 2189 939 2229 gloria

378 2239 552 2277 Honorque
576 2246 714 2269 summus
740 2240 771 2269 et
793 2240 934 2277 potestas
959 2236 1079 2275 inclita⁷

378 2287 466 2327 Quae
489 2284 629 2327 trinium,
656 2288 749 2326 pater
773 2285 939 2326 patrisque
963 2283 1047 2315 filius

379 2334 457 2368 Cum
482 2334 607 2374 spiritu,
633 2343 713 2365 unus
739 2333 826 2366 Deus
851 2331 1039 2369 substantia,

378 2383 440 2417 Per
465 2384 580 2415 cuncta
602 2384 717 2424 regnat
740 2381 937 2415 saeculorum
963 2377 1101 2413 saecula,
