1650 2610
379 444 435 477 10.

380 665 436 700 11.

381 889 436 921 12.

382 1113 436 1146 13.

379 1335 433 1368 14.

379 1559 433 1593 15.

378 1782 433 1816 16.

379 2008 434 2041 17.

378 2233 434 2267 18.

665 131 829 165 -209
878 151 924 155 -

428 249 435 256 .
462 222 569 257 Ferox
594 228 748 265 tyrannus
774 228 903 260 vocibus
928 228 1061 272 intonat,

460 269 591 305 Fornax
615 276 651 306 ut
675 277 767 307 atrox
790 275 917 315 ignibus
942 276 1055 308 ardeat

459 317 566 351 Testis
592 322 624 351 et
650 322 726 353 almi
750 323 894 355 membra
918 323 1080 365 suscipiat,

461 364 583 399 Offerre
608 369 680 400 tura
703 371 826 409 martyr
849 372 886 402 ut
909 370 1039 410 adnuat,

463 446 530 477 Aut
553 447 621 487 igni
643 448 694 480 ira
719 449 844 481 eoneita
864 452 978 490 pereat

462 492 566 533 Seque
590 502 723 527 severae
746 497 842 528 morti
866 496 1004 529 subiciat

463 540 689 581 Flammaeque
713 543 799 583 rogis
826 544 905 576 citus
930 545 1104 587 inhaereat,

461 586 511 618 Ne
537 590 698 621 contraire
722 591 865 630 praesuli
889 592 1006 623 valeat.

464 667 538 707 Sed,
566 677 657 708 quern
686 670 787 702 ditata
808 679 897 703 mens
922 671 1004 703 bene
1028 671 1175 704 sublevat

461 714 507 745 Et
530 715 715 747 meritorum
741 718 844 756 gratia
868 717 1004 757 dedicat,

460 760 530 792 Nee
554 761 682 794 flamma
702 763 811 806 vineit,
838 772 898 796 nec
921 773 1025 804 poena
1049 768 1180 805 superat

461 807 525 840 Sed
549 810 656 850 ignem
681 813 789 842 trusus
814 811 944 844 illaesus
970 812 1120 844 ambulat.

464 889 584 922 Adhuc
608 890 766 923 Abundus
791 891 867 923 dum
889 891 946 930 pie
968 892 1133 932 spectitat,

463 936 541 969 Sese
567 938 689 970 citatim
713 939 849 978 martyri
874 939 976 971 sociat

460 984 668 1025 Montemque
694 985 820 1018 Christo
848 985 953 1018 subito
980 986 1104 1018 delibat

461 1032 592 1072 Ipsique
616 1032 736 1073 Olybro
761 1033 893 1065 vocibus
916 1033 1048 1073 irrogat.

462 1112 559 1145 Cuius
583 1122 653 1145 eum
676 1112 762 1145 fama
785 1113 928 1153 praesidi
952 1117 1111 1157 personat,

461 1159 618 1192 Infremit'
633 1160 694 1203 ira,
720 1163 843 1192 terrere
867 1160 1005 1199 inchoat,

464 1207 598 1239 Sanetus
625 1207 782 1241 Abundus
807 1211 842 1239 ut
866 1207 962 1240 idolis
988 1209 1083 1241 cedat

464 1255 597 1295 Illisque
623 1256 739 1287 cedens
765 1257 816 1287 tus
841 1256 925 1287 liber
950 1255 1071 1287 offerat.

460 1334 526 1367 Sed
547 1335 623 1376 quia
646 1338 775 1368 sanetus
799 1336 886 1367 vinei
909 1336 1108 1376 nequiverat,

461 1382 584 1415 Iustum
609 1383 754 1415 sodalem
779 1381 902 1415 facibus
926 1383 1065 1423 imper-at

463 1430 579 1470 Aduri,
607 1430 694 1462 euius
718 1432 755 1462 ut
777 1431 845 1462 vita
867 1433 979 1470 pereat

461 1477 591 1517 Iamque
616 1478 738 1509 citatim
765 1477 944 1509 discrimini
969 1477 1073 1511 cedat.

460 1558 554 1590 Mare
576 1558 633 1590 sed
658 1558 686 1589 is
712 1558 766 1599 qui
790 1558 926 1598 pedibus
953 1558 1095 1590 ambulat

461 1606 643 1647 Potensque
669 1606 792 1638 clausos
819 1614 953 1646 corpore
977 1606 1166 1648 transvolat,

459 1653 548 1694 Ignis
573 1654 631 1685 hos
657 1662 777 1693 poenas
803 1652 914 1694 fugere
938 1655 1094 1693 provocat

460 1701 605 1741 Itemque
630 1703 715 1733 tutos
741 1701 856 1733 sistere
880 1700 1016 1734 factitat.

461 1782 529 1814 Hos
552 1781 624 1821 ipse
648 1780 768 1813 sanetis
793 1781 923 1813 aethere
946 1781 1057 1819 sociat,

460 1829 505 1861 Et
528 1829 611 1870 ignis
635 1829 691 1860 ille
715 1828 879 1860 flammeus
906 1829 1020 1869 evolat,

458 1877 504 1909 Et
529 1885 607 1917 quos
631 1877 770 1909 urendos
794 1874 921 1908 flamma
946 1878 1140 1917 susceperat,

458 1924 633 1957 Exstineta
655 1933 729 1956 rore
752 1922 875 1964 frigida
898 1926 1082 1966 consecrat,

461 2007 508 2040 Ut
532 2015 592 2038 nee
617 2006 752 2046 capillus
778 2006 892 2045 eapitis
916 2005 1039 2046 ardeat,

461 2054 531 2086 Nee
555 2054 628 2095 ipsa
651 2054 748 2085 vestis
771 2053 898 2094 ignibus
923 2053 1062 2096 haereat,

461 2101 526 2134 Sed
550 2109 624 2134 rore
648 2101 751 2133 tincta
774 2103 884 2134 tutave
907 2104 1052 2142 maneat;

459 2149 551 2181 Haec
575 2151 690 2182 cuneta
715 2157 828 2189 regens
853 2148 986 2191 spiritus
1012 2149 1134 2181 actitat.

458 2231 618 2271 Exemplo
644 2239 777 2271 quorum
803 2240 889 2262 nune
913 2230 985 2270 pius
1011 2230 1127 2263 audeat

459 2279 599 2319 Quisque
622 2277 728 2310 fidelis
754 2287 867 2310 munus
894 2280 925 2310 et
948 2277 1068 2310 inferat

461 2327 518 2360 Sui
542 2329 693 2368 precatus
717 2329 887 2366 menteque
911 2327 1031 2358 serviat

460 2372 583 2419 [Huie]‚
611 2374 665 2414 qui
687 2375 837 2407 misertus
863 2374 969 2407 omnia
991 2372 1122 2405 iudicat.

190 2446 312 2475 Blume,
327 2445 462 2474 Hymnodia
476 2444 568 2468 erotica.
1244 2434 1280 2464 14
