1650 2610
722 164 767 170 —
818 146 886 181 185
935 167 983 172 —

653 237 714 270 129.
744 239 779 270 ln
797 239 899 271 sancti
918 240 1029 272 Iacchi.

741 326 775 355 In
794 326 955 356 Laudibus.

443 392 473 424 1.
502 392 649 426 Gaudeat
674 397 786 427 cuncta
810 396 864 435 pia
888 396 980 435 plebs
1004 397 1140 441 alumna,

504 440 650 472 Resultet
675 451 752 473 voce
776 443 869 474 simul
894 446 926 475 et
951 452 1075 486 canora,

502 487 595 519 Pacis
620 491 760 520 tenorem
785 498 911 530 semper
937 491 1095 524 Christum
1122 495 1213 533 roget

642 535 763 568 Laudis
787 537 916 571 honore.

444 601 474 633 2.
502 600 638 641 Veritas,
664 602 739 645 vita,
767 611 839 642 spes
865 612 990 644 semper
1013 607 1187 646 tranquilla

501 648 540 679 In
564 649 610 679 tui
634 649 708 680 almi
733 649 902 690 Iacobique
925 652 1027 682 sancti

500 902 587 942 „Iam
614 902 799 942 cruciamur,
825 903 950 942 ignibus
978 912 1161 944 cremamur,

639 949 766 981 Catenis
791 947 943 990 magnis.“

441 1016 472 1047 5.
503 1012 690 1057 ‚‚Magnus,“
716 1015 769 1046 hic
794 1016 848 1057 ait,
878 1015 1112 1058 „Dominusque
1137 1021 1253 1061 noster,

496 1061 577 1093 Dira
600 1062 725 1093 resolve
747 1063 840 1102 ignea
866 1065 993 1102 catena3

495 1108 585 1140 Nihil
609 1111 758 1140 nocentes
783 1110 861 1140 mihi
885 1118 969 1141 nunc
992 1109 1119 1143 adferte

637 1156 766 1196 Magum
790 1154 962 1197 iniquum.“

438 1224 470 1255 6.
496 1223 549 1254 Ad
576 1223 664 1253 cuius
688 1223 808 1254 iussum
832 1224 978 1262 protinus
1005 1229 1181 1264 currerunt,

494 1270 576 1301 Eum
601 1270 662 1301 iam
690 1270 830 1301 vinctum
856 1273 930 1301 ante
956 1272 1053 1310 pedes
1078 1273 1202 1315 sistunt,

494 1318 539 1350 Ut
565 1316 742 1357 dimicetur,
769 1320 864 1357 atque
890 1318 1100 1360 vindicentur,

635 1364 680 1396 Et
705 1366 873 1396 crucietur.

435 1429 466 1462 8.
497 1430 655 1472 „Respice
678 1433 752 1469 post
776 1431 850 1461 hinc
875 1432 907 1461 te
929 1430 1048 1461 habere
1072 1435 1194 1471 patrem

491 1479 682 1517 Quamquam
710 1478 851 1517 iniquum
876 1478 984 1517 generi
1009 1478 1163 1521 humano,

494 1525 664 1564 Christum,
692 1533 784 1564 quem
809 1533 906 1564 negas
933 1527 1108 1557 creatorem
1134 1535 1211 1568 esse,

634 1573 750 1605 Verum
776 1570 944 1612 agnosce.‘²

432 1639 463 1671 9.
495 1638 632 1682 „Verum
657 1636 823 1681 agnosc0,“
852 1638 906 1675 ait,
938 1638 1146 1679 „salvatorem

488 1686 597 1725 Teque
622 1694 768 1729 exposco,
795 1688 905 1717 sancte
927 1686 1128 1728 intercessor,

489 1733 621 1764 Veniam
648 1733 743 1764 credo
771 1732 903 1764 Domino
928 1731 1056 1764 favente

630 1780 677 1811 Te
703 1781 780 1811 dare
804 1777 929 1819 posse.“

408 1847 461 1879 10.
489 1847 626 1879 Sustulit
648 1846 797 1886 posthinc
821 1845 965 1878 ferientis
990 1846 1090 1879 1110115.

489 1895 534 1926 At
560 1894 641 1926 collo
667 1893 743 1925 fune
766 1896 887 1926 tractus
911 1894 1087 1934 colligatur,

487 1941 540 1974 Sic
564 1942 604 1973 ab
628 1942 768 1980 Herode,
796 1942 901 1981 capite
923 1944 1078 1981 pectetur,

630 1989 684 2021 Sic
708 1990 884 2024 ordinatur,

406 2056 459 2089 11.
486 2056 530 2088 Et
557 2057 677 2088 ducunt
700 2056 840 2088 vinctum
863 2057 1077 2087 transeuntem
1102 2057 1222 2088 vicum:

487 2105 625 2137 Glaudus
651 2104 691 2135 ab
718 2113 754 2135 eo
780 2104 904 2144 quaerit
928 2103 1122 2145 alimentum,

487 2151 581 2184 Cuius
606 2152 726 2184 virtute
750 2151 853 2192 surgit
875 2153 992 2190 rectus,
1018 2160 1113 2183 sanus

628 2199 738 2240 Pergit
760 2199 803 2231 ad
828 2200 948 2231 horam.

403 2267 457 2299 12.
487 2266 563 2299 Cum
591 2267 694 2298 cernit
717 2269 820 2298 tortor
846 2266 959 2298 claudo
985 2274 1127 2305 gressum
1154 2266 1272 2305 datum,

485 2314 538 2346 Sic
564 2318 612 2346 est
636 2313 780 2346 adfatus:
811 2314 977 2355 „Christus
1004 2313 1212 2352 collaudetur,

483 2362 578 2395 Cuius
605 2363 723 2395 vlrtute
749 2363 852 2403 aegris
876 2362 962 2393 salus
990 2361 1083 2392 datur

624 2411 687 2443 Per
709 2419 783 2442 suos
807 2406 965 2442 sanctoS.“
