1650 2610
665 142 914 178 -140-

343 246 373 277 9.
398 240 557 277 mercatus
584 249 696 280 magne
719 241 828 270 sancte
852 245 907 269 seu
931 234 1084 276 apostole,

397 287 524 324 Exaudi
546 291 654 320 nostra
678 285 787 325 saepia
809 284 989 324 praeconia,

396 334 556 376 Linquens
578 336 709 375 peccata
732 334 842 363 nostra
865 330 915 362 vel
941 329 1092 369 facinora,

396 380 536 416 Furvum
560 382 737 421 serpentem
763 382 795 410 et
818 377 971 415 invidum,
999 376 1176 409 comissime

398 427 510 470 Iudex,
535 428 693 467 subverte,
719 428 843 465 tegatur
867 427 917 456 ter
940 423 1073 457 sulfure.

319 489 371 520 10.
395 483 492 519 Τ11110
517 485 559 516 sit.
582 493 696 524 magna
716 491 841 522 semper
866 489 940 521 ergo
965 480 1067 521 gloria

395 529 427 566 A
453 531 571 563 cunctis
596 538 730 570 namque
752 528 827 561 filiis
852 528 1005 569 perennia

396 576 489 611 Nunc
513 580 545 609 et
567 586 626 617 per
650 577 756 609 saecla
779 576 976 608 saeculorum
1000 575 1034 607 in
1060 574 1175 613 omnia,

397 622 492 658 Unito
518 633 652 664 namque
679 623 722 656 sit
744 623 812 655 Deo
837 623 990 664 piissima,

394 669 527 711 Semper
551 672 604 711 qui
629 674 661 702 et
684 679 780 710 saepe
804 673 916 711 regnat
938 670 1018 710 ipse,
1045 669 1155 709 gloria.

224 754 300 782 LSd.
320 770 357 774 -
384 753 408 788 1,
430 753 447 781 2
468 753 551 783 Celso
572 755 608 782 de
627 762 744 791 semper.
768 768 804 772 —
827 753 850 788 1,
872 751 889 781 3
911 753 994 781 Celso
1015 754 1074 790 qui.
1095 768 1132 772 -
1154 751 1178 786 1,
1200 751 1217 779 5
1240 753 1398 788 perfectum
1420 754 1449 779 et

150 795 275 820 caterva.
295 808 329 813 —
353 791 378 825 2,
400 791 417 819 2
436 792 596 829 mitigando
625 793 780 820 censimus.
801 808 838 812 —
863 789 889 826 2,
911 790 928 819 5
952 791 1040 819 filius.
1064 807 1097 811 —
1118 788 1144 825 3,
1166 789 1184 817 2
1212 791 1308 817 Deum
1334 792 1448 826 patrem

148 830 290 858 inclitum.
309 846 347 850 —
364 827 392 863 4,
408 828 423 857 1
443 831 589 867 Liquens;
609 830 720 858 Indiae.
740 845 779 850 »τ
797 828 826 866 4,
839 828 857 856 2
875 829 1037 858 clementia.
1051 843 1089 848 —
1107 827 1136 863 4,
1151 826 1169 856 3
1188 829 1396 865 Magnumque.
1410 843 1448 847 —

147 867 172 902 5,
188 867 205 895 2
224 868 357 904 Possint3
379 876 491 903 semper
502 867 589 896 unda.
603 882 640 887 —
660 866 686 903 5,
700 864 718 895 3
738 875 881 904 magnam.
898 882 933 886 —
954 866 980 901 6,
993 866 1014 895 4
1034 867 1113 894 Cum.
1131 881 1168 885 —-
1182 865 1207 900 7,
1224 864 1239 893 ].
1253 866 1394 893 infirmus.
1411 880 1447 884 —

146 905 174 939 7,
193 903 212 932 2
230 906 352 933 Maestis
374 906 480 933 vinclis
500 905 548 933 vel
574 906 584 932 i
607 915 638 933 se
660 908 730 933 tune
748 906 796 932 vel
818 905 919 942 espite.
939 920 977 924 —-
1002 905 1029 940 7,
1050 902 1068 932 3
1093 907 1202 932 sancto.
1225 919 1262 922 —
1287 903 1314 939 7,
1334 903 1354 931 4
1381 912 1449 931 con-

146 943 263 971 locabit.
285 958 323 962 —
343 941 369 979 8,
392 941 406 970 1
427 945 502 979 pius.
523 958 559 963 -—
586 915 613 978 ἕ,
634 941 652 970 2
677 943 781 971 Tulem
806 952 902 980 quam.
926 959 964 963 —
983 941 1010 977 8,
1031 940 1050 969 4
1069 943 1110 970 Et
1128 945 1259 970 sanctum
1289 942 1399 970 sanctis
1421 944 1451 968 et

146 982 212 1016 pius
232 982 391 1015 piissimus.
413 997 448 1000 —
465 979 491 1016 8,
512 980 528 1008 5
548 981 737 1017 Hostemque.
759 997 796 1000 —
825 979 850 1014 9,
871 977 889 1008 3
915 981 1055 1016 Liquens.
1074 995 1113 1000 —
1140 979 1166 1015 9,
1186 978 1206 1008 4
1231 980 1362 1008 Turbam
1390 988 1449 1006 ser-

150 1019 264 1053 pentem
285 1021 315 1045 et.
332 1018 462 1045 invidam
482 1019 676 1046 conissimam.
696 1033 733 1038 —
747 1016 773 1051 9,
786 1017 803 1045 5
823 1021 950 1054 tergater
969 1021 1013 1046 ter
1030 1018 1150 1046 sulfura.
1163 1033 1202 1038 —-
1223 1016 1268 1051 10,
1279 1015 1297 1045 3
1316 1018 1358 1059 Et
1372 1025 1450 1044 nunc

149 1058 254 1121 {flff
282 1056 493 1084 Akrostiehon:
523 1053 600 1085 Ecce
629 1061 738 1091 ymnus
762 1053 975 1085 Bartholomei
1000 1053 1135 1093 apostoli
1165 1061 1255 1094 quem
1283 1052 1362 1084 feeit
1387 1052 1447 1083 Leo

179 1099 195 1121 θ
220 1100 228 1120 1
247 1098 331 1121 allus.

577 1202 622 1233 98.
651 1203 685 1234 In
705 1204 832 1234 sanctae
853 1202 1013 1235 Caeciliae.

840 1294 869 1326 5.
898 1292 1039 1333 Sponsus
1064 1292 1116 1324 hio
1142 1292 1251 1325 furore
1277 1302 1370 1326 caeco

948 1339 1155 1372 comminatur
1179 1340 1306 1381 virgini,

897 1386 961 1418 Sed
985 1387 1080 1418 beata
1104 1388 1195 1428 virgo
1219 1386 1315 1419 factis

945 1434 1032 1466 dicta
1060 1443 1192 1472 prorsus
1218 1435 1428 1475 comprobans

896 1481 1054 1521 Angelum
1078 1490 1252 1520 munusque
1277 1483 1358 1514 caeli

943 1536 1016 1559 mox
1041 1528 1155 1559 adesse
1178 1529 1349 1568 praestitit.

896 1582 1011 1614 Adfuit
1036 1584 1210 1622 promissus
1234 1585 1320 1618 idem

164 1292 195 1323 1.
222 1291 329 1322 Incliti
352 1290 465 1322 festum
489 1291 621 1330 pudoris

268 1337 398 1377 virginis
425 1337 581 1369 Caeciliae

220 1382 366 1415 Gloriosa
388 1385 605 1422 praecinamus

270 1439 347 1461 voce
370 1432 509 1471 prompti
533 1432 682 1471 pectoris,

224 1476 290 1515 Quo
315 1478 416 1508 soluta
439 1478 508 1518 lege
532 1478 642 1509 mortis

270 1524 391 1555 tollitur
414 1524 446 1555 in
473 1525 619 1556 aetheris.

169 1580 199 1611 2.
228 1577 375 1610 Germine
397 1579 475 1610 haec
498 1580 585 1619 virgo
611 1581 706 1621 clara,
841 1584 870 1615 6.

272 1626 437 1657 sanctitate
464 1627 587 1666 clarior,

223 1672 356 1704 Pectore
380 1672 538 1705 Christum
563 1677 723 1706 retentans

267 1719 412 1760 huncque
435 1721 533 1751 solum
559 1722 748 1760 praedicans

226 1765 289 1796 Ore
313 1775 471 1807 sponsum,
497 1771 601 1799 mente
621 1770 769 1808 saeclum,

268 1813 344 1844 vicit
367 1813 488 1845 hostem
512 1816 671 1854 sanguine.

170 1869 199 1901 3.
226 1867 366 1899 Pectoris
391 1870 473 1900 sacri
497 1878 655 1902 recessum

272 1916 371 1946 munit
395 1918 567 1956 evangelio,

226 1960 375 2000 Squalido
401 1970 513 2001 corpus
539 1963 663 1995 beatum

271 2008 407 2046 proterit
426 2009 538 2050 cilicio,

226 2054 336 2086 Noctis
362 2056 456 2086 horas
480 2060 513 2087 et
538 2057 601 2088 diei

272 2103 385 2133 mentis
409 2102 544 2141 implens
570 2105 702 2138 cantico.

167 2160 198 2190 4.
224 2157 312 2188 Haec
338 2157 418 2190 enim
443 2160 556 2191 sortita
578 2169 726 2199 sponsum

270 2205 418 2244 germinis
443 2206 616 2247 perfulgidi

226 2252 381 2291 Angelum
406 2252 467 2284 Dei
492 2253 610 2285 fatetur

270 2307 305 2329 se
328 2298 446 2331 habere
469 2301 638 2342 vindicem,

223 2345 317 2377 Hunc
341 2348 477 2380 verendo
500 2352 537 2380 ut
555 2349 671 2388 pudori

275 2393 329 2425 det
349 2394 509 2437 honorem,
535 2402 721 2431 commonet.

842 2167 874 2199 8.

944 1631 994 1661 vir
1019 1631 1156 1663 coruscis
1183 1632 1323 1664 vestibus

895 1677 1060 1709 Exhibens
1085 1679 1179 1710 sertis
1206 1687 1337 1712 coronas

942 1722 1075 1756 floribus
1098 1725 1328 1766 praefulgidas,

898 1771 936 1803 In
961 1773 1043 1803 rosis
1071 1773 1187 1805 docens
1214 1782 1368 1816 cruorem,

946 1820 1123 1851 castitatem
1147 1821 1234 1854 liliis,

864 1902 871 1908 .
898 1875 1032 1907 Munere
1055 1876 1117 1907 hoc
1140 1881 1331 1916 provocatus

945 1931 1078 1962 sponsus
1102 1924 1144 1955 ad
1169 1925 1289 1958 Christi
1312 1926 1409 1959 fidem

899 1969 977 2000 11100
1003 1969 1112 2002 fratris
1138 1973 1273 2005 salutem

946 2017 1139 2057 imprecatus
1164 2020 1297 2060 obtinet,

898 2063 1046 2103 Hinvque
1069 2066 1161 2098 ambo
1186 2068 1343 2107 passionis

947 2116 1172 2145 consecrantur
1196 2116 1358 2154 sanguine.

900 2165 994 2198 Hunc
1019 2168 1135 2201 deinde
1159 2171 1248 2210 virgo
1274 2171 1395 2204 Christi

948 2223 1141 2255 consequens
1167 2218 1307 2251 Caecilia

901 2260 993 2293 Hanc
1016 2263 1217 2304 triumphalis
1241 2265 1371 2299 honoris

948 2313 1147 2348 promeretur
1171 2312 1322 2352 gloriam:

901 2355 1006 2395 Igneis
1031 2357 1162 2389 thermis
1186 2361 1313 2393 retrusa

948 2402 986 2435 fit
1011 2404 1125 2437 caloris
1141 2405 1258 2442 nescia.
