1650 2610
696 147 930 182 —58-

625 241 747 279 „Preces
766 237 995 270 Abecedasiae“.

176 300 201 328 1.
221 298 268 329 Ad
285 302 316 327 te
335 299 492 327 clamantes
514 298 632 333 exaudi,
660 297 782 332 Christe,
851 297 877 326 6.
896 295 977 327 Fixis
998 296 1121 332 genibus
1140 299 1170 325 te
1190 296 1366 334 deprecavit,

260 344 284 374 O
304 346 373 375 Iesu
391 346 476 382 bone,
497 349 530 374 tu
548 345 592 374 illi
610 353 707 382 parce.
934 342 1121 380 Aliquotiens
1141 342 1209 372 dum
1230 343 1388 373 tribulavit.

177 402 204 430 2.
223 401 352 439 Benigne
370 402 459 439 Deus,
481 410 581 431 aurem
602 401 725 439 adpone,
848 401 876 428 7.
898 399 1025 434 Genitor,
1046 399 1122 429 alme
1139 408 1193 429 rex
1214 401 1308 429 omnis
1328 403 1433 433 terrae,

259 448 423 486 Ru[g]itum
435 452 566 478 nostrum
575 449 642 485 pius
656 447 782 476 intende.
934 446 1056 475 Ianuam
1075 447 1154 476 vitae
1172 450 1205 476 tu
1223 447 1269 476 illi
1287 447 1394 485 pande.

177 505 203 535 3.
227 505 359 540 ozielitas,
380 505 456 534 alme
473 513 525 534 rex
545 505 638 534 omnis
658 508 762 539 terrae,
848 503 875 533 8.
893 502 998 533 Inclite
1014 503 1137 538 Christe,
1157 503 1338 541 Redemptor
1354 506 1464 538 sancte,

258 552 379 582 Ianuam
396 552 473 581 vitae
495 555 527 580 tu
548 551 592 580 illi
611 550 717 588 pande.
932 550 1079 579 Delictum
1099 551 1162 580 eius
1183 551 1306 580 caelitus
1327 550 1401 580 dele.

172 610 201 638 4.
220 609 291 639 Dira
308 611 430 645 peccata
449 607 527 645 quod
546 608 636 645 gessit
654 611 744 642 tanta,
847 607 874 636 9.
895 606 1049 644 Lugentes,
1070 607 1159 644 Deus,
1181 608 1302 637 melitus
1322 607 1401 642 audi,

254 655 318 685 Nos
328 655 628 692 deprecantestuiam
639 654 780 684 condona.
928 654 969 683 Et
987 654 1032 683 1111
1052 654 1125 691 dele,
1145 654 1288 693 quidquid
1302 655 1444 692 peccarit.

162 713 199 748 ,5,
218 711 341 747 Exaudi,
358 711 478 747 Clu-iste,
488 710 641 749 ru[g]itum
650 715 782 741 nostrum
839 711 883 740 10.
897 710 917 741 0
936 719 1042 746 rerum,
1063 711 1152 746 Deus,
1174 711 1308 741 conditor
1328 712 1432 746 bonus,

254 758 312 788 Pro
331 758 389 787 hoo
408 758 544 788 defuncto
564 758 671 788 famulo
691 761 751 788 tuo.
935 757 1026 787 Citius
1047 758 1113 787 dele
1133 758 1272 788 delictum
1291 759 1363 788 eius.

254 825 299 860 So
324 826 380 861 bei
396 825 577 869 Berganza
601 825 636 869 (1.
663 836 690 861 e.
718 825 812 870 650).
853 827 937 861 Man
960 825 1106 860 beachte
1129 826 1167 859 in
1190 825 1224 868 4,
1251 826 1273 859 2
1298 826 1366 860 den
1390 836 1462 861 acc.

161 883 244 926 abs„
270 882 348 917 dem
373 882 435 917 wir
457 882 544 917 noch
573 881 661 917 oster
676 883 856 926 begegnen
870 881 1020 917 werden.
1039 901 1083 905 —
1101 881 1173 916 Das
1190 882 1312 916 zweite
1328 882 1462 917 Bruch-

160 939 259 974 stiick
282 939 329 973 ist
359 938 419 972 das
442 938 542 972 Ende
568 938 661 973 eines
685 940 782 973 sonst
804 939 1052 974 unbekannten
1074 937 1233 981 Hymnus
1256 939 1329 973 und
1352 938 1463 974 findet

160 996 232 1031 sich
254 995 291 1029 in
318 993 413 1030 LSd:

753 1071 759 1077 .
800 1049 934 1079 doctrina

607 1074 653 1125 110
672 1074 815 1125 defunctis
834 1096 971 1125 fidelibus

607 1145 636 1172 A
654 1147 684 1172 te
704 1143 788 1172 detur
807 1143 971 1180 paradisus.

262 1189 371 1226 Vigens
390 1190 421 1218 in
439 1199 494 1220 nos
514 1190 640 1225 dilectio,
833 1190 880 1219 Sit
897 1190 952 1219 tibi
971 1198 1087 1227 semper
1105 1190 1208 1227 gloria7

263 1236 342 1265 Pura
361 1239 391 1265 et
409 1240 511 1266 sancta
530 1238 615 1273 actio,
816 1237 973 1275 ‘Ingeth
995 1245 1061 1266 cum
1079 1237 1177 1274 genito

261 1281 420 1320 Splendeat
438 1284 469 1313 in
487 1293 541 1313 nos
563 1285 690 1319 castitas,
832 1284 900 1314 Una
919 1293 983 1314 cum
1003 1287 1104 1313 saneto
1125 1284 1231 1321 spiritu

261 1329 302 1357 Et
318 1328 423 1358 floreat
440 1330 599 1367 virginitas.
831 1331 867 1360 In
886 1331 1064 1368 sempiterna
1084 1331 1212 1360 saecula.

229 1404 369 1449 wien,
398 1406 465 1440 den
488 1406 521 1440 4.
547 1406 628 1441 Juni
655 1406 755 1440 1897.

897 1528 1118 1575 Clemens
1146 1529 1338 1578 Blume.
