1650 2610
655 123 916 159 —179—

354 219 387 251 4.
413 216 579 257 Exceptor
601 220 709 261 itaque
735 221 870 261 dumque
894 222 1066 253 nitesceret

411 266 460 297 Ac
483 265 569 298 iussa
594 267 710 299 tabulis
734 268 863 308 publice¹
880 268 1044 310 scriberet,

408 312 559 345 Adflatur
584 315 688 346 subito
714 324 844 348 munere
868 316 997 355 caelico,

554 362 620 401 Quo
645 364 721 394 vota
747 363 884 395 cumulet
907 363 970 404 pia.

353 418 384 449 5.
411 416 583 457 Extemplo
609 417 749 450 officium
773 419 885 452 abnuit
907 420 1039 459 impium

407 464 453 495 Et
477 465 557 496 ceris
583 465 688 497 renuit
711 466 893 507 imprimere
914 475 1041 498 manum

410 510 565 543 Caelestis
592 513 720 552 cupiens
747 512 829 545 effici
856 513 965 546 accola

553 559 628 590 Vita
653 560 796 600 votisque
819 561 971 594 moribus,

354 615 384 646 6.
413 614 491 646 Post
517 616 715 655 evangelicus
741 624 844 648 sermo
868 619 905 647 ut
931 616 1064 658 intonat,

408 660 546 693 Diversa
570 662 710 694 latebras
736 671 795 703 per
818 664 890 695 loca
914 666 1068 705 appetens

408 708 486 740 Sese
511 709 656 740 occulere
682 709 788 749 coepit
810 710 842 742 in
868 710 986 742 abditis

548 756 692 788 Horrore
715 757 809 788 nimis
835 757 976 790 territus

352 811 383 843 7.
411 810 509 849 Quem
534 820 688 851 quaerens
714 812 822 844 valide
845 812 940 845 turba
963 813 1138 846 satellitum

406 857 476 889 Nec
499 857 593 898 hunc,
618 862 655 890 ut
679 864 821 900 cuperat,
847 859 970 898 reperit
991 860 1127 899 uspiam,

406 905 513 937 Vastis
539 908 605 937 tum
631 905 766 939 reboans
791 906 923 938 rictibus
948 906 1089 939 arbiter:

550 952 685 985 Ferrum
709 954 833 995 sumite,
861 954 1013 987 clamitat.

349 1009 381 1041 8.
408 1009 547 1041 Festinis
573 1018 712 1050 propere
737 1011 861 1050 pergite
884 1010 1055 1053 gressibus,

403 1056 571 1088 Inventum
596 1056 740 1097 refugam
764 1057 897 1096 plectite
921 1058 1053 1097 percite,

403 1103 462 1142 Qui
486 1106 596 1136 nostra
621 1104 741 1136 monita
765 1107 906 1136 temnere
931 1113 1025 1137 ausus
1051 1107 1100 1136 est

547 1151 616 1183 Nec
640 1160 747 1183 sacros
774 1152 849 1183 deos
875 1152 995 1184 incolit.

349 1208 379 1241 9.
408 1206 497 1245 Quod
524 1206 609 1239 fama
634 1206 777 1240 referens
800 1209 951 1248 martyris
976 1207 1118 1249 auribus,

402 1254 556 1286 Ablutum
578 1264 682 1295 neque
705 1264 740 1286 sc
763 1258 909 1287 nosceret
933 1264 1079 1295 aequore,

401 1302 553 1334 Ferventi
574 1302 763 1335 Rhodanum
787 1303 903 1342 spiritu
927 1303 1062 1342 appetit,

546 1349 612 1388 Quo
637 1350 734 1381 sorde
758 1353 854 1390 queat
877 1349 974 1381 ablui.

324 1406 380 1438 10.
406 1405 495 1438 Auro
519 1406 658 1437 lucidior
680 1406 758 1438 iude
781 1406 976 1446 regrediens,

400 1452 559 1493 Repertus
584 1454 683 1493 iuguli
707 1453 860 1485 sternitur
883 1453 1015 1493 impetu,

402 1498 492 1532 Caeli
514 1500 691 1539 agminibus
715 1500 790 1532 ilico
815 1501 955 1540 iungitur

544 1547 696 1587 Comptus
724 1548 845 1580 vertice
868 1548 987 1581 laurea.

322 1603 376 1638 11.
403 1604 451 1637 Ob
477 1605 547 1643 hoc,
575 1605 804 1645 cunctipotens,
831 1613 1018 1645 quaesumus
1044 1604 1173 1644 affatim,

398 1651 502 1683 Testis
528 1660 630 1691 quove
655 1652 701 1683 tui
725 1653 796 1692 ipse
820 1652 1003 1692 precatibus

400 1699 559 1739 Acceptes
584 1699 713 1739 placide
737 1701 811 1731 vota
835 1699 976 1731 fidelium

542 1746 756 1785 Dimittasque
780 1746 952 1785 piaculum.

322 1802 376 1836 12.
405 1802 449 1835 Ut
474 1802 586 1842 culpae
608 1803 750 1834 cumulus
777 1801 920 1835 funditus
946 1803 1089 1843 subruat,

398 1850 591 1883 Subcrescat
613 1851 730 1891 iugiter
755 1851 859 1891 gratia
882 1850 1015 1892 auctior,

401 1898 448 1932 Ut
472 1898 576 1929 sancti
599 1898 722 1929 meritis
748 1898 886 1930 caelibes
910 1898 1031 1931 redditi

541 1946 706 1978 Abscedat
729 1946 842 1986 procul
864 1946 953 1981 ultio.

324 2003 373 2035 13.
401 2002 451 2035 Sit
475 2002 559 2034 trino
585 2002 721 2035 Domino
746 2003 848 2044 gloria
872 2002 992 2042 sedula,

397 2051 542 2090 Regnum
567 2054 756 2091 perpetuum
781 2053 875 2091 atque
899 2051 1053 2091 potentia,

398 2097 525 2130 Virtute
549 2098 645 2130 solita
670 2099 723 2139 qui
749 2098 832 2138 regit
856 2099 961 2131 omnia

540 2145 728 2178 Sustentans
752 2146 807 2186 pie
837 2147 974 2179 condita.

192 2212 264 2245 MT,
286 2211 369 2245 Lm),
391 2211 472 2245 Led,
498 2211 534 2239 Χ.
559 2210 647 2245 --1,
667 2210 686 2239 2
712 2212 846 2239 ammobe
866 2212 946 2248 Lsd3
968 2220 1073 2240 amone
1092 2213 1129 2239 X.
1152 2226 1189 2230 —
1210 2210 1240 2244 1,
1262 2208 1280 2239 3
1299 2213 1435 2247 gnaviter

117 2249 152 2278 Χ.
181 2265 219 2269 -
242 2247 271 2282 1,
293 2249 314 2278 4
337 2232 459 2278 A'thleta
486 2248 524 2277 Χ.
551 2265 587 2268 -
613 2248 644 2283 2,
668 2249 685 2277 2
712 2250 838 2278 Mallens
865 2250 947 2283 LSb,
968 2250 1005 2277 Χ.
1033 2265 1069 2270 -
1094 2247 1165 2282 3,1
1193 2249 1336 2277 Genesius
1357 2250 1433 2278 drei-

116 2288 215 2324 silbig.
235 2303 275 2308 -—
294 2287 326 2319 3,
347 2286 365 2314 2
386 2288 518 2316 Arclatis
540 2289 575 2316 X.
596 2303 634 2308 —-
652 2287 686 2317 4
708 2287 723 2316 1
745 2297 802 2325 que
821 2288 896 2317 fehlt
914 2287 952 2316 X
974 2304 1009 2309 —
1028 2287 1063 2320 4
1083 2286 1100 2315 3
1120 2272 1246 2316 'Affiatus
1267 2287 1333 2321 MT,
1354 2288 1431 2321 LSb,

116 2326 192 2358 Εὸᾱ,
213 2328 250 2355 X
274 2344 308 2348 —
329 2325 355 2360 4,
378 2325 399 2355 4
419 2327 550 2355 cumulat
568 2326 634 2359 MT,
654 2326 730 2360 LSd,
750 2328 793 2361 X,
813 2328 863 2363 pie
882 2326 959 2355 LSb.
981 2325 1060 2355 —6
1082 2324 1256 2354 2Diversas
1269 2326 1334 2359 ΜΤ,
1356 2326 1433 2359 LSd,

116 2364 151 2393 Χ.
174 2380 211 2383 -
233 2365 258 2399 6,
282 2363 300 2394 3
320 2364 391 2394 Sese
412 2373 563 2394 occurrere
583 2365 655 2400 ΜΤ,
676 2366 748 2393 Sese
769 2366 882 2394 occulte
902 2366 1009 2401 recipit
1029 2366 1064 2392 Χ.
1086 2378 1123 2383 —
1137 2362 1163 2396 6,
1177 2362 1197 2391 4
1215 2364 1304 2392 nimis
1322 2365 1432 2393 territis

114 2403 198 2438 st,
220 2404 308 2432 minis
329 2405 398 2432 terii
418 2403 454 2431 X.
476 2419 513 2423 —
534 2403 560 2437 7,
581 2402 599 2431 2
618 2387 696 2432 hunc
716 2404 790 2432 fehlt
810 2405 875 2439 MT,
897 2404 1027 2440 perperit
1043 2403 1080 2431 X.
1098 2419 1135 2423 —
1150 2384 1176 2428 7
1198 2399 1215 2429 3
1230 2404 1289 2429 tum
1303 2402 1432 2439 fehltX;

1203 2447 1260 2477 1:4⁴⁶
