1650 2610
651 113 908 148 —142—

150 220 182 251 3.
208 217 293 256 Quae
313 218 446 256 paterna
471 212 644 245 deridendo
824 208 855 240 7.
881 203 1032 237 Caeditur
1056 211 1190 242 namque
1213 206 1368 239 suspensa

255 264 354 304 flagra
378 262 428 294 vel
452 260 607 301 supplicia
932 250 1092 290 virgisque
1115 247 1329 288 pertunditur,

208 311 279 342 Non
304 308 441 341 attendit
462 316 563 348 prava
586 304 693 343 verba,
881 300 1086 337 Aeneamque
1110 305 1165 327 vas
1190 295 1348 334 repletum

256 367 309 389 cor
333 357 375 388 ad
397 356 477 387 haec
501 362 563 385 non
587 350 702 392 posuit,
929 344 1036 377 resina
1060 346 1093 375 et
1116 343 1186 374 oleo

208 404 271 436 Setl
294 411 404 435 sereno
428 409 546 440 poenas
572 399 661 431 vultu
882 391 960 424 Pice
984 391 1141 429 simulque
1166 391 1324 421 torrente:

254 450 382 482 sustulit
404 448 548 480 viriliter.
927 440 973 471 ibi
998 439 1081 469 alma
1105 436 1253 467 mittitur.

152 510 183 539 4.
210 506 284 545 Ipso
309 505 434 536 nomine
458 503 560 541 beata,
825 499 855 531 8.
883 496 987 529 Undis
1012 495 1169 534 impressa
1192 491 1324 524 marinis

253 551 336 592 quod
362 550 520 583 Christina
545 548 661 580 dicitur
929 553 949 575 a
974 542 1100 574 Christo
1126 539 1269 580 eripitur,

209 598 376 638 Appellari
400 596 488 635 virgo
513 595 567 636 pia
885 589 1087 631 Serpentium
1113 596 1206 619 omne
1230 593 1328 626 genus

254 648 286 676 et
309 654 328 675 a
354 643 471 676 Christi
495 642 621 674 nomine
933 637 1056 678 depulit
1076 635 1218 673 saevitia,

208 691 393 724 Derivatum
417 693 529 731 patens
551 697 639 720 suum
883 685 1023 717 Mortem
1049 683 1143 715 simul
1168 691 1207 714 ac
1229 681 1388 713 tormenta

256 746 323 770 esse
347 738 394 769 sic
417 736 614 768 vocabulum.
931 733 1084 772 reputans
1109 738 1167 769 pro
1193 728 1303 761 nihilo.

151 797 179 827 5.
204 795 373 827 Paternam
397 793 462 826 fide
484 791 621 833 probata
827 791 860 822 9.
885 789 1002 820 Tribus
1026 787 1136 827 itaque
1160 785 1297 817 devictis

254 842 333 873 iram
358 844 500 872 temnens
526 839 661 878 despuit,
932 833 1075 876 profanis
1098 832 1257 865 iudicibus

208 889 299 921 Celso
324 889 437 928 gaudio
462 887 591 927 oppleta
885 883 1074 914 Trinitatem
1100 879 1278 912 confitendo

254 935 403 967 divinitus
428 934 539 974 gratia,
934 929 1111 967 triumphat
1135 926 1283 966 feliciter,

209 981 399 1021 Depellebat
422 989 460 1012 ac
483 980 627 1020 supernis
885 977 938 1009 Sic
964 985 982 1007 e
1005 975 1131 1007 saeculo
1157 976 1270 1006 vocata

256 1028 458 1060 incumbebat
479 1034 638 1067 praemns.
931 1024 1047 1063 migrat
1071 1022 1113 1054 ad
1139 1021 1296 1054 caelestia.

151 1087 182 1118 6.
209 1085 338 1116 Nullum
353 1084 435 1116 hanc
448 1085 637 1115 tormentum
651 1080 755 1121 fregit,
827 1081 882 1113 10.
907 1080 975 1112 Tuo
999 1086 1134 1118 namque
1158 1078 1191 1109 in
1216 1077 1346 1116 honore,

256 1131 343 1163 nulla
366 1140 450 1163 mors
475 1130 657 1170 perterruit,
955 1127 1046 1166 virgo
1071 1127 1192 1168 sancta,
1219 1124 1371 1166 canimus,

209 1177 272 1210 Sed
297 1179 395 1211 alacri
417 1178 512 1209 corde
536 1179 648 1208 cuncta
907 1175 986 1206 Iuva
1012 1174 1141 1204 cunctos
1165 1172 1392 1212 supplicantes,

257 1223 419 1264 perferens
446 1224 617 1256 certamina
953 1223 1026 1259 tege
1049 1222 1120 1251 tuos
1144 1218 1290 1257 famulos,

210 1271 370 1304 Irridebat
395 1272 561 1310 cruciatus,
909 1267 1024 1300 Funde
1049 1274 1161 1306 preces
1186 1274 1246 1306 pro
1273 1265 1399 1298 delictis

256 1319 382 1357 perdita
406 1319 543 1351 vesania.
958 1314 1083 1347 Christo
1109 1314 1178 1353 regi
1202 1312 1348 1346 Domino.

479 1374 532 1407 11.
559 1373 601 1405 Et
626 1376 670 1414 tu,
698 1372 831 1410 Christe,
858 1380 915 1403 rex
935 1372 1096 1411 immense,

606 1419 681 1452 audi
706 1427 816 1458 preces
840 1419 1028 1457 supplicum,

559 1467 642 1498 Vota
665 1466 774 1505 accipe
800 1467 991 1503 cunctorum,

609 1513 717 1552 culpas
744 1512 815 1544 dele
839 1512 1002 1551 scelerum,

558 1560 647 1591 Haec
670 1560 704 1591 in
728 1558 811 1591 festa
833 1560 886 1591 hic
910 1560 1037 1591 orantes

607 1610 673 1639 esto
698 1606 730 1638 in
756 1606 941 1638 subsidium.

216 1673 289 1708 MT,
315 1672 352 1700 X.
375 1687 413 1692 —
435 1670 460 1707 1,
480 1669 497 1699 3
520 1673 611 1706 Quem
630 1671 694 1700 MT.
738 1687 758 1691 —
778 1668 805 1704 3,
826 1669 844 1698 2
870 1671 918 1698 vel
938 1671 1067 1707 suspiria
1085 1671 1151 1698 MT.
1172 1687 1209 1691 —
1231 1668 1257 1704 3,
1276 1669 1296 1698 4
1321 1679 1375 1698 nec
1395 1680 1446 1707 po-

142 1711 256 1737 suitX.
276 1694 361 1743 —3‚
382 1708 398 1737 5
417 1709 598 1746 poenamX.
625 1707 709 1743 —-4,
731 1707 993 1736 2ChristianaX.
1012 1707 1097 1742 —4,
1118 1706 1330 1744 4sedaM'r,
1351 1709 1388 1736 X.
1408 1724 1448 1729 —-

141 1746 167 1781 4,
188 1747 205 1775 5
231 1750 312 1783 patet
333 1729 370 1775 X
391 1763 427 1767 —
417 1719 473 1781 Ρ,5
497 1746 511 1774 1
539 1748 690 1783 probatam
712 1748 776 1775 ΜΤ.
798 1763 835 1766 -
856 1745 882 1781 5,
903 1744 921 1774 3
942 1747 1072 1775 obletata
1090 1729 1128 1775 'X.
1148 1763 1186 1766 —
1208 1746 1234 1781 5,
1254 1745 1275 1774 4
1301 1747 1445 1775 divinitus

141 1785 270 1820 gratulat
281 1785 352 1820 ΜΤ,
372 1785 511 1812 (livinitus
531 1756 623 1822 gratis
644 1786 702 1812 tuis
722 1786 752 1813 X
769 1783 799 1821 (g
801 1786 877 1813 ratia
889 1796 906 1799 -
942 1784 1086 1821 „caeleste
1103 1782 1251 1813 edulium“
1271 1786 1315 1812 im
1334 1785 1446 1821 folgen

143 1823 198 1850 den
211 1823 344 1857 Hymnus
358 1838 395 1843 —
408 1822 434 1855 5,
449 1821 468 1850 4
480 1822 536 1858 —).
550 1837 586 1841 -
606 1821 663 1857 6,1
678 1823 769 1850 Nulla
781 1823 858 1849 hane
870 1826 1016 1851 tormenta
1028 1822 1140 1858 fiegere
1153 1823 1190 1850 X.
1206 1837 1243 1842 -—
1261 1821 1288 1855 6,
1303 1821 1320 1850 5
1336 1825 1447 1851 crucia

142 1863 189 1887 tur
202 1860 238 1888 X.
253 1874 287 1879 —
308 1860 333 1893 7,
351 1858 369 1887 3
388 1844 560 1897 Ae⁷neusque
573 1861 610 1887 Χ.
627 1876 664 1881 —
681 1859 706 1895 7,
721 1859 740 1887 4
760 1861 856 1889 oleum
869 1860 934 1888 MT.
950 1875 986 1879 —-
1006 1859 1032 1893 7,
1047 1859 1064 1888 5
1083 1863 1241 1889 torrentem
1254 1843 1319 1888 MT.
1336 1875 1373 1879 —
1387 1859 1414 1895 8,
1429 1858 1447 1889 3

144 1906 327 1970 ἳῗῃξὲῗῗέῐέ
338 1898 426 1970 ξέΙΤ-
432 1882 737 1963 offafftgrsssstlilzlmgcg
744 1896 834 1964 aasz.
835 1898 1043 1972 Ἆ-Ξὸῗέἐὲοξν
1043 1896 1193 1964 ie—i1}11<1¹{¹
1201 1898 1447 1973 Υὲᾗῖξιὶέίξαὴιῑ

143 1974 175 1999 in
194 1973 234 2000 Χ.
261 1973 363 2000 Gloria
388 1975 417 2000 et
439 1972 532 2000 honor
551 1973 613 2000 Deo
635 1976 687 2001 etc.
709 1988 745 1992 -—
776 1972 833 2000 Gfr.
853 1973 916 2009 Mig
917 1983 954 2001 ne
974 1971 1137 2009 86,1165;
1163 1975 1239 2002 Acta
1258 1974 1310 2003 SS.
1331 1975 1391 2002 Iuli
1410 1976 1447 2009 V

145 2008 200 2038 503
220 2008 283 2044 (aus
302 2008 352 2045 X,
373 2009 553 2046 abgedruekt
571 2010 679 2038 Daniel
698 2009 804 2044 1,200.

550 2081 679 2114 100.111
698 2082 824 2113 sanctae
846 2081 1031 2114 christinae.

159 2134 191 2166 1.
216 2132 333 2164 Sacrae
356 2132 487 2173 virginis
511 2132 706 2172 triumphum
834 2135 866 2167 2.
890 2133 977 2172 Ipsis
1000 2135 1139 2173 primum
1165 2135 1240 2168 dum
1264 2136 1384 2168 inesset

261 2188 488 2219 prosequamur
512 2179 668 2223 laudibus,
940 2180 1074 2213 infantis
1100 2182 1311 2223 temporibuS,

214 2228 300 2267 Quae
323 2227 460 2259 viriliter
485 2227 635 2259 certando
895 2227 1085 2268 Concupivit
1108 2238 1216 2270 regem
1241 2229 1403 2262 Christum

263 2275 385 2307 hostem
407 2274 484 2306 vicit
507 2274 684 2315 improbum
941 2276 1076 2308 adorare
1101 2276 1272 2309 Dominum

217 2321 261 2353 Et
284 2322 441 2355 servando
466 2322 643 2353 castitatem
894 2322 939 2354 Et
963 2324 1117 2363 neglectis
1142 2324 1323 2357 simulacris

265 2369 380 2401 meruit
403 2369 616 2409 praeconium.
945 2373 996 2403 tus
1022 2370 1136 2403 offerre
1160 2371 1289 2412 pudica.
