1650 2610
672 107 935 143 -131—

342 202 397 236 17.
423 203 526 236 Iudex
549 204 677 245 iniquus
701 214 860 245 nunquam
886 205 1084 246 erubescens,

423 250 543 282 Volens
565 252 686 292 inquiri
710 251 777 283 eius
800 252 981 296 facultates,

422 298 566 330 Pessima
589 302 692 330 morte
714 298 873 332 morsibus
898 309 1047 339 equorum

565 346 654 378 Nece
677 349 832 379 vastatur.

343 402 399 434 18.
426 402 514 434 Mira
537 405 604 434 tum
629 404 706 434 satis
730 403 920 443 prodierunt
943 403 1044 443 signa,

422 450 512 481 Anni
535 451 689 483 vertentis
714 449 801 482 facta
826 450 1075 491 comprobantia,

423 497 587 529 Aethneus
611 497 682 536 ipse
705 506 795 529 mons
822 498 1000 530 eructuavit

565 545 676 585 Ignem
703 545 879 577 ardentem.

345 600 400 634 19.
425 601 580 633 Videntes
607 602 712 633 cuncti
736 610 846 642 rogum
870 602 1058 640 venientem,

423 647 537 681 Velum
561 649 700 688 sepulcri
724 648 818 680 simul
843 649 1069 688 expandenteS,

422 695 509 735 Ignis
536 695 640 726 estetit
661 694 934 727 honorificandum

567 742 691 782 Corpus
717 741 854 774 beatum.

344 800 400 832 20.
426 798 524 839 Deus,
551 800 604 838 qui
629 801 719 831 tanta
740 798 881 830 tribuisti
908 799 992 831 dona

422 845 548 887 Virgini
569 849 653 886 tuae,
681 846 832 878 caelest-ia
855 854 962 886 regna,

425 893 526 925 Nobis
550 894 691 934 indignis
716 893 756 926 ob
781 894 933 925 honorem
958 893 1024 924 eius

565 941 662 973 Dilue
687 941 806 980 culpas.

346 999 401 1032 21.
427 997 475 1030 Ob
502 997 590 1029 cuius
614 998 742 1029 laudem
768 998 870 1029 clerus
896 993 1002 1040 [haec]
1030 996 1201 1029 decantans

423 1044 576 1076 Precibus
602 1044 668 1077 eius
693 1044 754 1077 tibi
777 1045 821 1076 sit
843 1046 1004 1086 acceptus,

422 1092 603 1132 Ratumque
626 1092 744 1124 reddat
767 1091 872 1131 plebis
897 1094 971 1122 tuae
1002 1092 1120 1123 victum

564 1139 698 1171 Honore
721 1147 822 1171 sacro.

346 1198 402 1230 22.
430 1196 587 1228 Sacerdos
611 1196 679 1228 vita
699 1195 857 1228 habeatur
878 1195 993 1234 clarus,

424 1243 570 1275 Moribus
596 1244 687 1275 bonis
713 1242 772 1275 tibi
797 1244 839 1274 sit
864 1246 1004 1282 ornatus,

425 1290 473 1323 Ut
497 1290 592 1330 digne
615 1291 718 1331 possit
741 1294 832 1321 tuum
853 1289 1020 1321 immolare

568 1337 689 1377 Corpus
711 1338 848 1370 beatum.

344 1396 401 1428 23.
428 1394 586 1433 Gaiusque
611 1393 686 1426 festi
710 1403 814 1426 annuo
837 1402 971 1425 recursu

422 1442 570 1474 Laudum
594 1442 723 1473 honoris
746 1440 957 1482 persolvimus
981 1443 1100 1481 votum,

422 1489 502 1522 Eius
526 1488 660 1520 obtentu
682 1489 837 1520 laetemur
861 1497 932 1519 cum
956 1488 1076 1520 sanctis

563 1536 641 1568 Tuis
665 1536 699 1567 in
726 1536 825 1568 caelo.

339 1592 398 1628 24.
421 1593 514 1627 Haec
535 1593 571 1624 in
593 1593 749 1625 honorem
773 1592 914 1625 carmina
937 1592 992 1631 qui
1016 1592 1109 1635 (lixit,

420 1641 565 1682 Virginis
590 1649 703 1672 sacrae
723 1640 840 1672 merita
863 1640 1016 1682 narravit,

420 1689 489 1720 Tuo
516 1698 556 1720 ex
582 1688 664 1720 dono
689 1688 782 1720 heres
807 1689 850 1719 sit
872 1687 908 1719 in
932 1687 1020 1719 caelo

565 1735 754 1767 Sanctorum
778 1735 886 1768 choro.

342 1795 398 1826 25.
426 1791 538 1824 Gloria
560 1792 622 1823 tibi
645 1792 733 1831 patri
756 1792 893 1831 glorioso

420 1841 466 1874 Et
489 1841 562 1873 Iesu
590 1840 727 1879 Christo,
753 1838 951 1879 redemptori
973 1841 1094 1879 nostro,

423 1888 483 1927 Qui
502 1891 608 1920 tecum
631 1889 746 1928 regnat
771 1896 840 1918 cum
865 1887 982 1927 spiritu
1009 1889 1119 1919 sancto

563 1935 641 1976 Iuge
663 1944 724 1975 per
748 1943 869 1967 aevum.

220 2001 293 2037 MT;
314 2001 353 2029 X.
372 2016 413 2021 —
434 1998 464 2034 1,
486 1999 503 2028 1
522 2000 646 2037 prodiit:
673 2008 758 2028 corus
780 2009 846 2028 cum
865 2000 901 2027 X.
922 2013 961 2018 ——
983 1997 1014 2035 1,
1033 1998 1052 2027 2
1067 2008 1112 2036 sq.
1133 2002 1264 2027 resonet:
1291 2002 1464 2028 cunctorum

144 2041 198 2068 deo
220 2040 320 2068 dicata
337 2040 422 2075 plebs
443 2039 557 2067 alterna
575 2038 612 2065 X.
625 2039 736 2067 --Die
754 2047 848 2074 ganza
861 2037 988 2074 Strophe
1007 2038 1102 2066 lautet
1113 2038 1189 2065 Acta
1208 2037 1261 2065 SS.
1276 2038 1347 2066 Feb.
1367 2039 1391 2072 1,
1406 2037 1463 2066 597

143 2079 204 2107 und
225 2078 333 2106 daraus
354 2078 403 2106 bei
421 2078 532 2106 Daniel
550 2077 573 2111 Ι,
597 2074 666 2105 183:

487 2135 609 2163 Festum
627 2135 745 2171 insigne
764 2134 884 2170 prodiit,

489 2173 601 2201 Chorus
622 2181 688 2201 cum
706 2181 794 2201 voces
813 2174 847 2200 in
865 2172 936 2200 aula
950 2173 1075 2205 resonet,

489 2212 668 2240 Cunctorum
688 2212 751 2239 Deo
771 2211 872 2239 dicata
888 2211 973 2247 plebs
994 2210 1109 2238 alterna

602 2250 679 2278 Tota
699 2249 820 2286 pandite
837 2251 917 2276 vom„

217 2309 278 2342 IV,
306 2305 342 2337 91
367 2309 434 2346 ffigt
451 2308 589 2336 letzterer
613 2308 662 2335 die
685 2307 874 2343 Bemerkung
898 2307 961 2335 bei:
991 2305 1148 2341 Stropham
1173 2305 1310 2332 carminis
1338 2305 1463 2341 primam

144 2348 227 2393 apud.
240 2347 442 2375 Bollandistas
467 2356 523 2375 nec
546 2355 608 2374 non
632 2347 666 2374 in
683 2346 834 2375 Thesauro
859 2346 938 2374 male
963 2352 1130 2381 expressam
1155 2343 1282 2371 correxit
1307 2343 1357 2371 Du
1375 2340 1465 2371 Meril

142 2384 261 2414 Poeaus
283 2388 335 2414 etc,
355 2386 388 2414 Π
405 2396 435 2425 p.
459 2383 529 2415 301:
1249 2426 1292 2460 9*
