1650 2610
733 145 988 179 —208—

297 242 333 269 X.
354 256 387 260 —-
412 240 441 274 1,
462 239 480 268 3
507 241 661 276 conceptu.
688 254 723 258 —
752 237 781 271 1,
802 236 818 265 6
840 237 979 273 pandens.
1014 252 1035 255 —
1065 234 1095 268 2,
1118 234 1133 262 1
1157 235 1254 262 Cliens
1274 242 1309 262 ex
1328 235 1365 260 te.
1391 245 1425 249 -
1448 228 1479 262 2,
1500 228 1520 256 4

223 280 348 316 propriis
373 281 414 306 ut„
440 293 475 297 —-
496 277 528 310 4,
550 277 567 305 2
593 278 664 304 haee
684 285 754 303 sni-s.
780 290 813 295 --
831 275 864 309 4,
884 273 904 302 4
927 275 1061 308 praestet.
1087 287 1118 292 —
1145 272 1179 303 5,
1203 271 1215 299 1
1244 281 1306 308 sqq.
1331 272 1370 297 ivs-t
1388 268 1519 314 offenbar

223 317 364 348 verum-bt,
379 315 615 343 wahrsehvinlieh
631 309 1101 348 au‹·l1‹·iniges‹1a1·inumgestellt;
1117 310 1187 336 aber
1197 311 1252 336 wie
1263 304 1520 336 rekonstruieren?

224 354 273 382 1011
293 362 375 388 uage
395 353 572 380 einstweilen
592 352 638 379 die
657 351 771 378 freilich
791 350 890 377 kiihue
910 347 1086 382 Konjektur:

670 408 733 435 Deo
753 414 866 441 semper
885 404 1043 432 famulatur

711 447 841 471 temnens
862 444 905 470 sie
923 441 1024 470 mundi
1042 441 1135 468 vitam

671 482 922 517 simulacrumque
941 479 1094 514 profanum

707 520 815 546 minuit
833 517 987 554 intrepida.

293 585 327 618 7,
349 585 365 613 5
392 586 471 612 quit.
551 583 598 618 11,
620 583 638 611 2
665 593 684 612 a
706 585 786 612 fehlt.
807 600 845 604 —
866 583 916 619 11,
940 582 956 611 5
980 586 1099 619 praesta
1123 585 1258 620 quietem.
1282 598 1314 601 —
1340 582 1395 610 Cfr.
1417 584 1518 619 Mig'ne

221 621 351 656 86,1153.
374 637 407 641 ——-
429 622 564 657 Vg1.den
586 624 721 657 Hymnus
741 622 874 659 gleiehen
893 622 1024 657 Anfangs
1047 621 1100 648 auf
1117 622 1165 649 die
1184 622 1223 649 hl.
1246 621 1402 648 Christina.

614 722 675 754 145.
705 723 739 754 In
761 731 800 754 ss.
821 723 897 754 Iusti
920 723 952 755 et
971 722 1115 753 Abnndii.

432 803 465 835 1.
493 803 572 842 Vox,
596 811 678 842 ecce,
706 805 810 834 vatum
839 803 948 835 vivida
971 805 1123 842 personat

489 850 607 881 Venire
633 849 793 882 Christum
817 851 966 889 nascique
990 849 1125 887 nuntiat,

488 896 581 928 Nunc
605 895 688 928 festa
712 897 799 928 euius
821 897 913 936 plebs
939 896 992 935 pia
1017 896 1167 936 celebrat,

489 943 575 982 Quae
598 942 703 975 ferens
727 944 844 976 undam
869 943 1007 975 lucidam
1031 943 1196 982 promicat.

430 1010 460 1041 2.
487 1009 583 1047 Quem
609 1008 766 1041 Gabrielis
792 1018 853 1041 vox
879 1010 964 1041 clara
987 1009 1122 1048 nuntiat,

486 1055 583 1094 Quem
608 1056 695 1095 virgo
721 1057 815 1095 parit,
840 1065 920 1096 quae
944 1055 1012 1087 sola
1035 1056 1156 1096 rutilat,

486 1102 604 1134 Fetosa
628 1103 715 1142 virgo
742 1112 832 1143 quem
858 1100 955 1145 [sola]
981 1103 1115 1145 iactitat,

486 1149 664 1189 Nutrixque
689 1150 776 1190 virgo
801 1159 837 1181 se
862 1151 911 1182 eui
935 1150 1071 1182 dedicat.

422 1216 452 1247 3.
481 1214 576 1247 Cuius
603 1215 707 1246 dicata
730 1216 836 1254 passio
861 1218 1024 1256 provocat,

485 1262 532 1295 Ut
556 1262 625 1301 quis
649 1261 753 1293 fidelis
779 1264 930 1304 sanguine
953 1263 1066 1295 rubeat

485 1308 529 1340 Et
550 1309 706 1347 passionis
730 1318 859 1341 munere
883 1309 1012 1349 polleat,

487 1355 631 1394 Utroque
655 1364 724 1387 sese
747 1357 861 1396 perimi
886 1357 1030 1397 gaudeat.

435 1423 466 1453 4.
492 1421 568 1452 Iusti
596 1424 628 1452 et
651 1421 781 1453 Abundi
805 1431 897 1461 quem
922 1423 1011 1461 sequi
1034 1423 1164 1454 cursitat

490 1467 587 1499 Sacra
610 1468 766 1508 voluntas,
792 1478 883 1508 quem
908 1477 1031 1509 quoque
1053 1470 1179 1501 nuntiat

489 1513 584 1553 Sequi
609 1514 734 1553 debere,
761 1516 815 1555 qui
838 1516 871 1547 in
897 1515 960 1547 fide
984 1516 1091 1547 latitat

489 1560 529 1592 Se
554 1559 623 1592 fore
644 1560 758 1592 fortem
783 1571 922 1602 voceque
946 1562 1068 1596 iubilat.

428 1627 456 1658 5.
482 1626 549 1657 Hos
573 1626 656 1658 hunc
680 1631 845 1667 sequentes
869 1627 983 1669 perimi
1007 1629 1127 1662 iudicat

486 1673 706 1714 Numerianus,
733 1675 785 1714 qui
810 1675 928 1716 Olybro
953 1676 1098 1718 imperat,

486 1720 532 1752 Ut
556 1720 749 1753 Christianos
774 1723 841 1754 ensi
866 1722 1002 1754 subiciat

488 1766 665 1807 Christique
689 1777 796 1801 servos
820 1770 964 1810 publicos
990 1771 1157 1811 opprimat.

433 1836 463 1865 6.
489 1832 618 1875 Iustum,
646 1842 693 1876 en,
722 1835 857 1874 Olybrus
880 1838 915 1867 ut
940 1836 1038 1879 audit,
1068 1834 1232 1881 [advocat]

488 1879 609 1911 Furore
632 1884 741 1919 raptus
765 1891 824 1913 nec
848 1891 927 1914 neve
952 1884 1118 1923 quaeritat,

487 1926 521 1957 Si
548 1926 742 1959 Christianus
765 1929 836 1968 ipse
858 1930 908 1973 sit,
936 1930 1090 1970 explorat,

487 1972 550 2004 Sed
576 1973 693 2005 Christi
717 1983 826 2007 servus
850 1977 924 2009 ilico
951 1977 1102 2017 clamitat,

428 2039 457 2071 7.
484 2038 525 2069 Se
550 2047 618 2070 esse
641 2038 768 2073 fidelem
787 2050 847 2072 nec
869 2043 950 2074 mori
973 2043 1114 2085 dubitat3

485 2086 615 2117 Praeses
640 2086 672 2117 in
695 2087 744 2118 ira
769 2089 907 2121 concitus
931 2094 1085 2128 provocat

485 2132 631 2163 Membra
653 2132 757 2166 fidelis
781 2143 840 2166 neo
862 2144 942 2168 neve
963 2137 1112 2181 clamitat,

486 2179 532 2211 Ut
555 2179 639 2210 hunc
663 2184 803 2213 rotarum
828 2192 880 2214 ars
906 2191 1001 2215 saeva
1023 2188 1176 2224 proterat.

427 2247 456 2278 8.
484 2245 548 2277 Sed
573 2254 661 2278 mens
687 2246 788 2278 ditata
811 2248 938 2281 minime
962 2251 1104 2290 trepidat

490 2292 635 2332 Voceque
660 2293 747 2325 alara
771 2296 894 2327 cantica
915 2296 1038 2338 iubilat,

490 2340 587 2379 Quem
613 2340 674 2372 sibi
700 2340 843 2373 Christus
867 2343 913 2375 ita
936 2344 1093 2388 mirificat,

492 2387 537 2420 Ut
560 2389 634 2419 vota
657 2388 786 2420 vincens
810 2389 873 2421 iam
897 2391 979 2423 liber
1007 2391 1127 2425 offerat.
