1650 2610
700 101 862 138 —241
916 124 959 129 —-

421 197 477 231 22.
504 198 564 237 Qui
586 199 748 237 postulata
773 197 966 232 conferendo
992 198 1138 239 plebibus

501 245 545 277 Et
568 247 763 279 munimenta
789 246 914 281 Christo
939 246 1149 279 servientibus

500 293 651 325 Omnibus
675 294 744 325 sitis
768 302 909 334 perenne
932 293 1082 326 solacium

500 341 553 373 Ad
579 341 786 373 reserandum
810 341 955 380 paradisi
979 341 1110 380 aditum,

501 387 561 426 Qui
586 388 678 419 huius
703 387 777 420 festi
797 397 985 421 veneramur
1009 388 1168 429 gaudium.

418 453 473 485 23.
501 454 643 493 Praesta,
669 463 806 494 oramus,
832 454 959 486 trinitas
983 453 1178 494 indifferens,

500 500 692 532 Desiderata
715 502 776 533 tibi
798 500 1030 539 confitentibus,

501 548 561 587 Qui
584 548 670 579 solus
696 558 808 580 nomen
835 548 962 580 deitatis
987 548 1121 590 obtineS‚

500 595 598 627 Pater
623 604 692 626 cum
714 594 781 628 filio
807 597 904 634 atque
927 599 1036 627 sancto
1062 595 1177 634 spiritu

498 643 536 674 ln
562 642 705 674 trinitate
728 651 864 683 regnans
888 643 922 674 in
946 645 1144 684 perpetuum.

254 716 320 743 ΜΤ.
350 730 386 735 --
414 714 437 748 1,
460 714 477 742 2
504 717 575 750 Que.
604 731 640 734 —
670 715 694 750 1,
718 715 735 744 3
763 717 877 744 debota.
897 731 934 735 —
955 715 982 750 2,
1005 715 1019 744 1
1040 717 1082 744 Zu
1102 717 1240 745 verbibus
1261 716 1320 751 vgl.
1341 714 1366 748 5,
1388 713 1406 743 3
1426 714 1486 742 und

181 750 225 786 14,
245 752 273 780 4.
302 768 340 772 -—
366 750 392 787 2,
414 751 432 779 2
452 753 572 782 ultibus.
594 768 632 772 —
652 752 677 788 2,
699 753 716 781 5
736 754 874 783 ferbidos.
895 769 933 773 -—
952 753 979 788 3,
1002 754 1016 783 1
1038 757 1153 782 nutans.
1173 770 1211 774 -—
1231 752 1257 788 3,
1277 752 1297 780 4
1317 753 1427 789 Adque.
1447 767 1485 772 -—

172 790 200 824 3,
223 790 240 818 5
262 791 452 826 mancipabit.
470 807 503 811 --
517 790 544 824 4,
568 791 582 819 1
602 791 741 827 plebium.
754 790 833 825 —4,
852 790 873 819 4
892 791 994 820 filium.
1011 808 1048 813 —-—
1063 791 1089 828 5,
1112 791 1127 820 1
1147 793 1290 824 innobati,
1311 791 1485 819 labacro.--

176 828 201 862 5,
225 827 242 855 5
264 828 327 864 Que
347 837 421 856 eum.
442 844 481 848 —-
501 827 526 863 6,
550 828 565 856 1
585 830 645 858 Hie
664 831 717 856 vir.
738 845 775 849 —
795 828 822 863 7,
843 828 863 857 4
882 830 1014 858 Student.
1036 844 1072 848 —
1093 828 1120 863 8,
1141 828 1159 857 2
1179 830 1348 866 nequibens.
1369 843 1406 847 —
1426 829 1453 862 ’.3,
1468 826 1485 855 5

177 868 284 895 hostia.
304 881 343 886 —
363 864 390 900 9,
404 864 421 894 3
442 867 553 895 ravido.
573 881 611 886 ——-
632 866 658 898 9,
673 866 690 895 5
713 868 796 896 Lies:
816 868 961 895 Libamen
981 868 1073 904 quia?
1092 882 1128 886 —
1152 866 1195 901 10,
1211 866 1228 895 ‘3
1248 867 1324 894 illes.
1344 882 1383 886 —
1404 865 1447 901 11,
1468 864 1483 892 1

177 905 356 933 Sabastiani.
388 919 424 923 ——
452 903 495 936 11,
517 904 534 933 5
561 905 702 933 triumfat.
730 920 766 925 ——
796 903 839 939 12,
860 903 878 931 2
904 905 1081 941 Simpronio.
1106 920 1145 925 —-
1171 903 1215 938 15,
1239 902 1254 932 1
1280 906 1392 932 univers
1410 913 1426 930 ἱ.
1448 918 1485 923 -—

179 942 221 977 15,
237 941 257 970 4
276 943 456 971 Sabastiam'.
471 958 507 961 —
524 941 567 978 16,
583 941 603 970 4
623 946 799 971 cunctanter.
814 957 851 962 —
868 941 911 976 17,
926 941 944 971 3
966 944 1029 977 Quo
1049 951 1150 978 genus.
1218 941 1261 973 19,
1276 940 1294 968 2
1315 942 1485 976 Frag115.—-

177 979 220 1017 19,
243 979 261 1008 5
281 982 380 1017 patria
400 981 518 1008 caelica.
541 996 578 1000 —
601 979 646 1013 20,
663 979 678 1008 1
698 981 831 1009 Adstote.
843 996 883 999 —
895 979 940 1014 20,
955 980 973 1008 2
992 980 1122 1009 Adstote.
1137 995 1176 999 —
1189 979 1234 1013 20,
1252 977 1269 1008 3
1289 980 1426 1007 faborem.
1448 996 1452 1000 -

175 1017 222 1052 21,
241 1017 258 1046 5
289 1019 356 1046 Hae
384 1026 524 1053 quaeque.
544 1034 583 1039 —-—
610 1016 657 1053 22,
676 1017 693 1046 5
713 1019 828 1046 festum.
851 1034 888 1037 —
908 1017 955 1053 23,
975 1018 992 1047 5
1013 1027 1127 1054 regnas.
1182 1033 1183 1036 =
1205 1019 1266 1045 Der
1284 1018 1416 1052 Hymnus
1447 1019 1487 1045 ist

174 1057 206 1083 in
233 1054 285 1084 der
304 1057 358 1084 Hs.
385 1057 440 1083 mit
465 1057 529 1084 dem
555 1057 813 1092 vorhergehenden
841 1066 878 1084 zu
905 1058 1025 1084 einem
1051 1056 1228 1084 verbunden.
1250 1070 1288 1074 -
1309 1055 1365 1082 Cfr.
1386 1056 1486 1092 Migne

177 1091 223 1129 86,
245 1093 309 1122 891.

535 1186 594 1218 168.
628 1186 663 1217 In
683 1194 722 1218 ss.
743 1185 896 1218 Servandi
916 1186 948 1217 et
969 1185 1123 1218 Gordiani.

189 1256 219 1288 l.
249 1256 393 1294 Christe,
422 1264 516 1287 verus
541 1265 599 1289 rex
621 1258 801 1287 sanctorum
873 1258 903 1288 5.
930 1255 998 1288 Nos
1022 1254 1182 1287 Christum
1206 1263 1321 1293 nempe
1346 1253 1485 1286 fatentes

295 1306 327 1334 et
350 1305 493 1335 sacrator
517 1305 704 1342 martyrum,
980 1310 1180 1335 exsecramus
1205 1302 1292 1334 idola

247 1350 296 1382 Tu
319 1360 352 1382 es
377 1350 496 1382 veritas
523 1353 554 1381 et
578 1350 630 1382 via
932 1350 976 1382 Et
998 1350 1165 1382 caelestem
1190 1350 1359 1381 adorante.e

295 1398 424 1437 vitaque
450 1398 658 1438 credentium,
977 1396 1144 1428 temnimus
1169 1397 1345 1434 terrertria,

243 1445 293 1476 Tu
317 1444 501 1485 optantibus
529 1445 585 1477 das
611 1447 717 1476 votum
928 1444 1034 1482 Absit,
1059 1446 1095 1475 ut
1118 1444 1182 1475 ritu
1207 1442 1341 1483 profano

296 1495 329 1523 et
352 1492 455 1524 beatis
480 1492 636 1524 bravium.
976 1491 1164 1523 inclinemus
1190 1499 1335 1530 corpora.

185 1554 217 1583 2.
242 1549 318 1582 Tibi
343 1548 471 1581 laudum
494 1552 570 1581 vota
591 1549 704 1588 pandit
871 1550 903 1582 6.
930 1548 1020 1580 Haec
1042 1548 1208 1588 loquentes
1234 1547 1411 1580 obruuntur

293 1599 407 1628 cuncta.
433 1596 524 1628 chors
549 1596 702 1637 fidelium,
975 1596 1064 1628 mille
1088 1596 1199 1635 poenis
1225 1597 1396 1638 martyres,

243 1645 303 1684 Qui
328 1644 493 1676 Servando
519 1647 552 1675 et
576 1643 735 1676 Germano
925 1643 1067 1675 Nexibus
1093 1652 1204 1674 manus
1226 1646 1377 1682 utrasque

294 1691 392 1723 robur
416 1700 490 1722 mox
516 1691 664 1723 eximium
976 1690 1077 1723 flexus
1099 1691 1237 1723 involvit
1257 1690 1356 1729 rigor,

242 1738 444 1777 Concessisti,
470 1741 506 1769 ut
532 1738 690 1770 vincirent
930 1738 975 1770 Et
999 1737 1132 1777 chalybs
1157 1738 1269 1769 attrita
1294 1737 1377 1768 colla

295 1785 476 1818 dimicando
502 1785 659 1817 zabulum.
980 1785 1068 1817 duris
1094 1785 1195 1817 ambit
1220 1784 1358 1818 circulis,

187 1846 218 1876 3.
245 1844 379 1875 Praescs
404 1851 541 1882 namque
567 1842 739 1874 mundialis
872 1844 902 1875 7.
931 1842 1058 1874 Nobilis
1083 1850 1142 1882 per
1167 1842 1281 1873 vulnus
1307 1842 1448 1881 amplum

289 1891 338 1922 irc
362 1890 404 1922 ad
429 1899 519 1922 aram
543 1889 712 1931 praecipit,
978 1892 1073 1930 porta
1096 1890 1189 1921 iustis
1214 1888 1379 1930 panditur,

244 1939 344 1971 Idolis
370 1937 465 1969 litare
491 1938 580 1970 vanis
927 1938 1073 1978 Quosque
1100 1936 1245 1969 Christus
1273 1937 1453 1969 candidatis

289 1985 389 2017 fortes
416 1985 536 2018 Christi
560 1984 679 2017 milites
979 1986 1135 2026 adgregat
1160 1984 1354 2025 cohortibus,

243 2034 444 2073 Noxiumque
469 2033 645 2065 hostiarum
930 2034 1048 2066 Miscet
1073 2033 1177 2065 choris
1203 2032 1389 2073 angelorum

294 2081 454 2113 immolari
478 2082 641 2121 sanguine.
977 2084 1009 2113 et
1035 2083 1166 2112 coronat
1189 2079 1352 2120 praemiis.

182 2141 215 2173 4.
241 2139 295 2172 Illi
319 2146 439 2179 poenas
465 2137 695 2178 exspectabant
872 2139 902 2172 8.
931 2138 1021 2170 State
1043 2146 1137 2180 nunc,
1162 2137 1345 2178 hymnistae
1369 2138 1485 2175 cuncti,

293 2186 412 2219 Christi
439 2194 547 2218 amore
572 2185 684 2226 dediti,
977 2194 1064 2226 voce,
1092 2185 1185 2226 votis,
1212 2192 1353 2223 munere,

241 2235 346 2267 Dulce
371 2236 448 2265 tunc
471 2233 537 2265 illis
564 2234 710 2273 cremari,
931 2235 1036 2275 Atque
1060 2233 1094 2264 in
1119 2233 1247 2264 laudem
1272 2234 1457 2263 sanctorum

294 2283 388 2314 dulce
413 2280 535 2313 ferrum
559 2282 696 2322 perpeti,
979 2290 1041 2313 vox
1067 2282 1252 2312 cunctorum
1276 2279 1414 2319 insonet,

244 2330 433 2369 Validisque
458 2328 621 2362 offerenda
930 2330 993 2362 Hic
1019 2328 1086 2361 dies
1113 2331 1162 2358 est
1185 2326 1270 2359 festa
1293 2327 1396 2367 nobis,

291 2386 427 2419 corpora
451 2376 635 2418 suppliciis:
978 2377 1022 2409 sit
1044 2377 1203 2407 sacratum
1229 2374 1389 2416 gaudium.

225 2438 339 2466 Blumo,
360 2436 496 2466 Hymnodia
508 2437 600 2461 Gotica.
1279 2428 1314 2458 16
