1650 2610
711 127 961 162 —235—

610 227 671 260 165.
700 229 735 260 In
757 230 856 261 saneti
877 230 1063 261 Sebastiam.

730 297 764 326 In
783 297 944 327 Laudibus.

449 353 481 386 1.
507 353 574 385 Iam
598 364 683 386 nunc
706 356 747 387 ad
771 356 844 388 illos
868 365 1042 396 properare
1067 357 1222 397 convenit,

507 401 582 440 Quis
606 403 764 442 passionis
785 405 910 443 tempus
935 413 1009 436 aere
1032 405 1193 445 imminet;

506 449 734 487 Apostolorum
757 459 893 490 namque
917 452 1060 483 natalitio

506 495 570 527 Zoe
594 496 698 537 beata,
726 497 799 529 dum
825 502 932 529 oraret
955 498 1143 538 promptior,

509 542 600 574 Celso
625 552 684 582 per
708 547 826 576 sortem
851 545 988 577 tradidit
1014 545 1184 585 {spiritum

449 618 481 648 2.
507 616 585 648 Dies
612 618 766 650 deductos
791 622 866 659 post
890 623 961 652 octo
987 620 1225 659 Tranquillinus

506 665 599 696 Pauli
624 666 665 697 ad
691 667 796 697 aulam
822 675 926 707 orans,
952 667 1156 699 nihilominus

505 710 586 743 Diro
613 715 662 743 est
683 713 750 744 ictu
776 714 972 752 dilapidatus
998 715 1076 757 saxi,

509 757 608 789 Vasto
636 759 812 791 demersum
840 769 954 800 corpus
980 764 1012 792 et
1034 762 1067 792 in
1090 758 1228 800 flumine,

509 804 602 837 Mens
627 814 703 837 vero
729 804 818 838 efflat
835 808 934 839 arduo
960 809 993 839 in
1018 808 1133 839 sidere.

456 881 488 912 3.
512 880 637 912 Horum
661 882 807 922 protinus
831 883 1030 922 requirentes
1055 891 1189 923 corpora

510 927 711 961 Nicostratus
738 933 770 960 et
795 929 947 962 Claudius
974 939 1043 962 eum
1068 930 1179 962 subole

508 975 629 1007 Diebus
654 976 735 1007 tenti
761 976 870 1008 decem
896 986 966 1008 eum
993 977 1135 1009 Castorio

506 1022 609 1054 Mersi
632 1023 764 1055 marinis
790 1024 934 1056 amnibus
959 1025 993 1056 in
1017 1023 1164 1056 fluctibus

507 1069 689 1110 Explerunt
715 1070 843 1110 dignum
868 1072 1024 1111 possionis
1049 1071 1235 1111 praemium.

450 1146 483 1177 4.
509 1145 688 1185 Torquatus
712 1146 830 1178 sanctis
856 1146 1076 1179 fraudulenter
1100 1147 1249 1186 nectitur,

510 1191 693 1224 Commento
721 1193 808 1225 euius
834 1195 959 1233 capitur
981 1194 1155 1236 Tiburtius,

506 1238 666 1272 Adfertur
690 1249 785 1273 saevo
810 1243 906 1281 atque
932 1242 1001 1273 diro
1030 1241 1148 1280 iudici3

505 1286 605 1325 Quem
631 1290 663 1318 et
684 1297 835 1320 mucrone
858 1289 1030 1328 imperavit
1052 1288 1195 1330 plectere

507 1334 697 1374 Christoque
721 1334 837 1367 fortem
863 1337 1061 1367 consecravit
1085 1337 1267 1374 martyrem.

445 1411 475 1442 5.
503 1411 691 1443 Sanctorum
715 1411 831 1451 hospes
859 1410 1007 1443 Castulus
1031 1411 1169 1443 zetarius

505 1457 623 1498 Captus
649 1461 681 1489 et
707 1459 827 1491 Christi
851 1461 973 1499 martyr
996 1468 1069 1491 mox
1095 1456 1244 1498 efficitur,

504 1505 582 1537 Post
604 1514 696 1545 quem
723 1506 839 1538 deinde
865 1506 1024 1538 verberati
1048 1506 1168 1538 lanceis

504 1552 733 1585 Marcellianus
759 1556 887 1585 sanctus
913 1556 946 1585 et
968 1553 1098 1585 Marcus
1124 1552 1254 1593 probus,

505 1600 560 1632 Sic
583 1601 717 1638 laureati
743 1599 883 1633 fundunt
910 1601 997 1633 caelo
1022 1601 1180 1641 spiritum.

447 1676 477 1708 6.
504 1675 624 1716 Togam
649 1676 717 1708 Deo
742 1679 817 1716 post
839 1677 1026 1716 acquisitam
1052 1676 1222 1708 candidam

506 1722 643 1754 Pulcher
668 1726 700 1754 et
723 1732 849 1764 gregem
874 1727 984 1763 pastor
1002 1724 1127 1756 Christo
1152 1724 1307 1755 traditum

506 1769 721 1814 Sebastianus,
747 1771 949 1811 paedagogus
974 1771 1121 1810 optimus,

504 1817 691 1858 Insidiatur,
713 1826 772 1857 per
798 1819 943 1850 crudeles
968 1819 1107 1851 vincitur

502 1864 534 1896 A
558 1865 658 1898 servis
686 1865 799 1897 ductus
823 1866 1004 1906 principum
1029 1865 1202 1898 obtutibuS.

447 1941 477 1974 7.
504 1940 604 1980 Quem
627 1941 692 1973 iam
715 1942 845 1981 tyranni
869 1942 1029 1983 imperant
1053 1949 1127 1973 mox
1154 1941 1242 1981 impii

503 1988 586 2020 Duci
610 1988 645 2021 in
671 1997 817 2029 campum
843 1992 875 2021 et
898 1990 1023 2030 sagittis
1048 1989 1143 2028 insui,

505 2035 569 2068 Sed
596 2037 716 2069 Christi
743 2034 863 2081 [plene]
886 2029 960 2077 po'st
983 2040 1113 2070 sanatus
1136 2037 1242 2077 gratia

504 2084 593 2116 Inter
616 2082 744 2125 flagella
771 2085 896 2117 demum
920 2086 1019 2118 vitam
1043 2085 1206 2125 terminat,

503 2132 621 2163 Arcem
642 2135 801 2165 sacratam
828 2133 934 2166 evolat
956 2133 991 2165 in
1018 2133 1159 2165 aethera.

443 2208 474 2241 8.
501 2208 624 2240 Adesto
649 2217 734 2241 nunc
757 2209 851 2242 beate
874 2209 939 2241 iam
963 2208 1168 2250 precantibus

502 2255 699 2297 sebastiane,
725 2257 789 2289 iam
813 2260 904 2289 tuere
927 2258 1070 2290 servulos

502 2304 619 2337 Sancto
643 2313 714 2337 cum
738 2305 794 2337 illo
816 2305 968 2338 comitatu
991 2303 1133 2346 proprio,

499 2351 635 2385 Dimitte
660 2353 787 2394 culpam
811 2356 907 2394 atque
931 2357 1061 2393 praesta
1085 2350 1220 2389 veniam,

501 2400 617 2433 Omnes
643 2399 787 2434 fruamur
812 2401 931 2442 gaudia
956 2400 1116 2433 caelestia.
