1650 2610
354 1265 407 1297 10.

359 1465 412 1498 11.

359 1667 412 1699 12.

361 1868 415 1900 13.

363 2068 417 2101 14.

365 2271 419 2303 15.

701 158 958 193 -170—

429 257 550 293 Rector
576 257 649 289 dum
673 254 806 294 populos
833 253 925 284 docte
949 249 1104 288 reficeret,

431 306 570 345 Gypsum
598 311 666 334 cum
692 302 819 333 doceret
845 298 999 338 fragmine
1024 296 1159 336 perdere

428 352 567 384 Turbam
590 348 758 388 multiplici
782 347 922 387 germine
944 345 1086 376 lauream

430 399 563 431 Caelesti
585 396 680 428 rutilo
705 395 827 435 agmine
851 392 1007 433 provehit.

433 457 529 493 Ustus
553 458 600 489 sic
623 456 750 488 Domini
774 455 841 486 zelo
870 452 1021 491 fidelium,

430 506 622 538 Convertens
646 501 760 534 fluidos
785 510 873 533 more
900 500 1076 539 rebellium,

429 553 597 584 Asciscens
622 549 734 588 opibus
757 556 887 580 munere
910 547 1011 578 nobili

428 599 618 631 Abstractos
642 596 793 628 barathro
818 595 969 627 sublimat
991 593 1130 625 aethere.

433 657 496 693 Sed
521 659 583 689 iam
611 667 679 689 cum
704 657 825 689 meritis
856 656 951 696 digna
978 656 1155 695 rependere

431 706 574 739 Christus
600 704 816 745 cunctipotens
841 706 928 735 recte
951 703 1145 734 Leucritiam

429 753 543 793 Vellet,
567 761 641 783 mox
664 752 800 791 lepidam
827 750 980 790 virginem
1004 749 1126 792 extulit,

429 800 495 838 Quo
521 800 636 831 claram
662 797 810 830 famulam
836 806 895 829 axe
919 797 1115 829 reconderet.

398 886 406 894 .
432 858 524 894 Tunc
548 861 650 892 celsus
670 860 796 891 solitum
821 860 884 891 rite
907 859 1056 890 solacium

431 908 601 940 Praestans
627 909 659 937 et
681 907 843 945 placidum
869 908 993 946 compte
1017 905 1190 936 remedium

431 955 554 988 Cultum
580 963 652 985 mox
677 953 751 985 fidei
778 954 923 993 dogmate
950 953 1068 992 ingerit

430 1002 612 1033 Adversans
635 1001 761 1040 populis
784 1001 868 1031 iusta
892 1000 1033 1031 rebellio.

433 1059 603 1100 Extemplo
627 1069 822 1100 praeconans
847 1061 967 1100 praedo
992 1060 1162 1099 peranxius

432 1108 607 1140 conturbat
629 1109 764 1147 patriam
788 1108 916 1139 iussuvc
939 1107 1089 1147 plebium,

431 1157 494 1188 Per
518 1158 644 1186 cunctas
668 1155 791 1193 plateas
815 1155 909 1194 longe
933 1154 1115 1191 revolvitur,

432 1202 521 1241 Quod
545 1202 694 1241 princeps
719 1202 849 1234 rabidus
875 1202 996 1233 excit-us
1020 1201 1166 1240 imperat.

433 1261 631 1303 Regnantem
657 1263 809 1294 tumidum
834 1263 957 1302 respuit
979 1263 1091 1293 inclita

435 1310 587 1342 Caelestis
611 1309 720 1341 famuli
745 1318 844 1348 mens,
869 1309 937 1341 Deo
961 1309 1119 1349 praedita,

432 1357 573 1388 Tandem
597 1357 766 1396 praecipiti
792 1357 886 1388 ductu
910 1356 1044 1388 notabili

433 1404 643 1442 Comprensus
666 1404 779 1446 sonuit,
805 1412 878 1434 mox
903 1412 1025 1442 quoque
1056 1403 1157 1435 libere

439 1460 577 1503 Optans:
604 1472 621 1494 o
645 1472 803 1503 proceres,
833 1464 964 1495 temnite
986 1464 1128 1504 impium,

437 1511 594 1543 Christum
620 1510 798 1542 aethereum
825 1511 946 1543 credite
970 1511 1159 1555 principem,

436 1558 548 1589 Vatem
571 1557 763 1597 impudicum
789 1562 876 1589 recte
900 1558 1055 1599 repellite,

438 1604 496 1642 Qui
521 1606 624 1635 tantos
648 1605 781 1644 populos
803 1605 869 1644 igni
892 1604 1084 1637 recondidit.

439 1662 588 1699 Gaudens
612 1664 691 1696 haec
714 1667 842 1697 resonat
866 1665 1001 1697 culmine
1024 1666 1149 1698 naviter

434 1712 503 1744 Nec
525 1721 588 1743 non
613 1714 645 1743 et
668 1712 731 1744 alia
755 1716 925 1752 quaestave
948 1712 1061 1753 fortia3

435 1759 529 1791 Hunc
551 1759 704 1791 mandant
726 1760 832 1800 gladio
856 1760 976 1792 vertice
999 1760 1144 1801 tundere,

436 1806 486 1838 Ne
509 1809 620 1838 sancta
640 1806 746 1839 valeat
768 1807 862 1839 turba
886 1807 1040 1847 recipere.

441 1865 546 1900 Adest
568 1867 745 1906 intrepidus
769 1868 903 1908 belliger
928 1870 1078 1912 adnuens,

437 1914 587 1946 Tundunt
613 1922 702 1954 quem
726 1916 838 1957 alapis,
864 1916 921 1947 sed
945 1919 1038 1956 rogat
1060 1916 1225 1950 horridum

437 1961 622 1992 Extendens
646 1960 758 1993 faciem
783 1963 917 1995 verbere
940 1963 1073 1994 alteram

439 2008 610 2039 Alternans
635 2009 757 2047 gemine
779 2010 885 2049 palma
907 2010 1053 2041 relidere.

444 2066 534 2101 Tunc
557 2068 646 2108 signo
672 2067 747 2101 fidei
772 2074 902 2110 pectora
925 2072 1070 2103 servulus

438 2115 554 2146 Armat
578 2114 709 2147 deificae
732 2126 828 2149 aurea.
850 2126 1001 2158 purpure,

441 2161 531 2194 Colla
554 2162 698 2199 lactinea,
725 2165 875 2204 sanguine
899 2166 1054 2206 praedita,

439 2210 590 2241 Incurvat
613 2209 758 2251 Domino,
782 2212 881 2243 instat
906 2215 938 2243 et,
961 2212 1116 2245 obsecrat.

446 2267 501 2304 Sic
523 2271 589 2303 ictu
613 2271 710 2311 gladii
736 2273 841 2304 sidere
866 2274 1022 2313 conditur,

442 2317 495 2350 Sic
519 2318 616 2349 verbo
641 2317 715 2350 fidei
741 2320 826 2351 clare
850 2321 1034 2355 revolvitur.

442 2366 563 2397 Adesto
588 2365 722 2407 miseris,
745 2376 941 2408 quaesumus,
968 2368 1096 2413 affatim,

443 2413 616 2452 Perplexos
640 2414 788 2452 precibus
817 2416 940 2448 solvcre
965 2418 1097 2450 concite.
