1650 2610
651 117 695 121 -—
746 95 907 130 130*—

347 199 380 231 6.
404 197 503 236 Quam
527 193 710 234 Quintianus
736 187 933 229 praesentari
956 187 1067 219 iubens

400 243 492 276 Idola
515 249 597 274 vana
621 238 704 277 cogit
726 236 900 274 adoranda,

401 289 510 323 Fortis
533 287 640 328 puella
664 283 824 316 Christum
848 283 898 313 est
920 279 1067 320 professa

542 333 624 366 Fide
647 328 800 371 perfecta.

349 399 378 430 7.
405 398 508 429 Iratus
532 394 627 426 iudex
651 390 760 423 sibilat
783 388 933 428 crudelis,

402 444 552 475 Tortores
575 447 648 471 suos
672 437 791 469 excitat
810 435 966 472 immanis,

402 488 556 528 Torqueri
580 486 669 517 1ubet
692 484 862 516 delicatum
888 490 1003 521 corpus

540 533 672 566 Puellae
693 539 828 563 sacrum.

351 598 383 629 8.
409 596 531 627 Poenas
554 593 662 625 illatas
686 591 823 624 viriliter
847 592 963 632 portat,

406 641 525 681 Corpus
550 641 702 672 intactum
727 638 862 670 Domino
888 637 1064 675 conservat,

402 688 495 730 Fide,
521 695 583 727 qua
608 686 720 726 credit,
747 685 852 717 omnia
876 685 1035 715 tormenta

545 734 687 767 Fortiter
710 732 819 765 vincit.

353 798 383 829 9.
408 796 551 829 Additur
575 803 677 833 poena
699 792 836 825 crudelis
862 794 894 824 et
917 800 1022 831 saeva,

405 842 546 883 Virginis
571 850 681 873 sacrae
704 843 870 880 torquetur
893 839 1044 877 mamilla,

404 890 528 929 Diuque
553 890 637 920 torta
660 887 803 920 abscindi
827 886 993 926 praecepit

547 935 656 968 Ubera
679 943 779 967 sacra.

329 997 385 1031 10.
410 998 500 1029 Tunc
524 997 613 1035 virgo
638 998 748 1028 sancta
770 996 805 1027 in
830 1003 958 1026 carcere
980 996 1070 1025 trusa

406 1044 512 1076 Fortis
537 1044 569 1074 in
596 1043 721 1076 Christo
747 1040 833 1073 facta
857 1043 907 1073 est
930 1041 1060 1080 athleta,

409 1091 505 1123 Cuius
528 1091 562 1121 in
587 1089 681 1121 caelis
706 1090 849 1128 angelica
875 1098 950 1120 cura

551 1137 649 1169 Sanan
671 1136 854 1168 mamillam.

334 1199 388 1233 11.
415 1198 573 1238 Splendor
598 1206 668 1229 cum
694 1197 813 1228 sanctis
838 1196 985 1228 tenebras
1009 1197 1160 1237 illustrat,

415 1246 479 1279 Per
502 1247 600 1276 totam
624 1247 749 1276 noctem
773 1245 827 1275 lux
853 1253 871 1275 e
896 1243 991 1275 caelis
1017 1243 1123 1284 micat,

412 1292 533 1324 Pavore
556 1292 654 1323 multo
679 1290 784 1323 territi
813 1291 959 1322 custodes

553 1337 693 1377 Fugiunt
720 1346 837 1369 omneS.

340 1402 394 1434 12.
420 1399 543 1431 Furore
565 1398 677 1438 plenus
698 1399 860 1430 ultroneus
882 1400 984 1430 tortor

415 1446 527 1477 'restas
552 1447 670 1486 acutas,
695 1445 810 1485 ignitos
836 1444 988 1477 carbones

419 1493 539 1532 Corpus
561 1493 719 1524 sacratum
743 1492 880 1523 volutari
902 1491 992 1523 iubet

555 1538 673 1570 Latere
692 1538 788 1572 nudo.

342 1601 396 1635 13.
422 1600 484 1640 En,
509 1601 614 1631 terrae
637 1601 740 1632 motus
765 1598 867 1631 factus
893 1602 942 1631 est
963 1600 1119 1644 immanis,

419 1646 608 1686 Maerorque
634 1649 761 1678 cunctos
785 1647 901 1678 terruit
923 1649 1072 1687 tortores,

417 1693 524 1726 Unum
548 1693 717 1734 oppressit,
741 1693 869 1726 nomine
893 1694 1066 1734 Silvanum,

561 1742 640 1773 Pars
664 1741 806 1779 parietis.

345 1801 399 1835 14.
426 1802 533 1834 Omnis
559 1804 728 1834 conventus
752 1802 808 1833 ille
831 1802 967 1834 civitatis

422 1848 574 1881 Tremore
597 1848 665 1880 viso
689 1849 736 1880 sic
760 1852 954 1881 eonem-runt
977 1858 1086 1882 omnes

423 1895 563 1927 Iudicem
589 1904 716 1927 saevum
741 1897 882 1928 volentes
908 1897 1027 1936 oocidi3

566 1939 729 1986 [Au]fugit
751 1942 830 1981 ipse.

348 2003 405 2036 15.
428 2003 508 2035 Post
529 2002 618 2042 virgo
641 2003 727 2034 laeta
750 2004 918 2043 ergastulis
943 2004 1052 2036 clausa

426 2049 592 2088 Expendit
614 2058 723 2080 manus
746 2049 915 2082 Dominum
939 2059 1083 2091 exorans,

427 2095 555 2128 Sacram
580 2094 701 2128 efflavit
724 2096 869 2137 animam,
894 2098 928 2129 in
953 2099 1056 2131 caelos

567 2143 649 2175 Lata
673 2151 743 2174 cum
766 2144 893 2176 sanctis.

353 2205 407 2239 16.
432 2204 573 2245 Angelus
597 2203 657 2235 Dei
682 2204 847 2236 descendit
871 2206 910 2237 de
935 2207 1021 2238 caelo

431 2252 616 2291 Corpusque
639 2254 782 2283 sanctum
806 2253 949 2295 tumulat,
973 2254 1129 2287 honorum

431 2298 554 2332 Tabula
577 2298 680 2339 signat
697 2298 801 2330 aureis
827 2300 960 2340 escripta

573 2345 691 2379 Literis
712 2355 846 2379 sacram.
