<?xml version="1.0" encoding="UTF-8"?>
<!DOCTYPE html PUBLIC "-//W3C//DTD XHTML 1.0 Transitional//EN"
    "http://www.w3.org/TR/xhtml1/DTD/xhtml1-transitional.dtd">
<html xmlns="http://www.w3.org/1999/xhtml" xml:lang="en" lang="en">
 <head>
  <title>
</title>
<meta http-equiv="Content-Type" content="text/html;charset=utf-8" />
  <meta name='ocr-system' content='tesseract 3.04.00' />
  <meta name='ocr-capabilities' content='ocr_page ocr_carea ocr_par ocr_line ocrx_word'/>
</head>
<body>
  <div class='ocr_page' id='page_1' title='image "./analectahymnica27drevuoft_00164.png"; bbox 0 0 1650 2610; ppageno 0'>
   <div class='ocr_carea' id='block_1_1' title="bbox 364 211 395 243">
    <p class='ocr_par' dir='ltr' id='par_1_1' title="bbox 364 211 395 243">
     <span class='ocr_line' id='line_1_1' title="bbox 364 211 395 243; baseline 0.032 -1"><span class='ocrx_word' id='word_1_1' title='bbox 364 211 395 243; x_wconf 88' lang='lat'>3.</span> 
     </span>
    </p>
   </div>
   <div class='ocr_carea' id='block_1_2' title="bbox 336 1638 390 1670">
    <p class='ocr_par' dir='ltr' id='par_1_2' title="bbox 336 1638 390 1670">
     <span class='ocr_line' id='line_1_2' title="bbox 336 1638 390 1670; baseline 0 -1"><span class='ocrx_word' id='word_1_2' title='bbox 336 1638 390 1670; x_wconf 91' lang='lat'>10.</span> 
     </span>
    </p>
   </div>
   <div class='ocr_carea' id='block_1_3' title="bbox 343 1838 396 1871">
    <p class='ocr_par' dir='ltr' id='par_1_3' title="bbox 343 1838 396 1871">
     <span class='ocr_line' id='line_1_3' title="bbox 343 1838 396 1871; baseline 0 -1"><span class='ocrx_word' id='word_1_3' title='bbox 343 1838 396 1871; x_wconf 81' lang='lat'>11.</span> 
     </span>
    </p>
   </div>
   <div class='ocr_carea' id='block_1_4' title="bbox 343 2043 395 2076">
    <p class='ocr_par' dir='ltr' id='par_1_4' title="bbox 343 2043 395 2076">
     <span class='ocr_line' id='line_1_4' title="bbox 343 2043 395 2076; baseline -0.096 1"><span class='ocrx_word' id='word_1_4' title='bbox 343 2043 395 2076; x_wconf 82' lang='grc'>12.</span> 
     </span>
    </p>
   </div>
   <div class='ocr_carea' id='block_1_5' title="bbox 339 2249 396 2282">
    <p class='ocr_par' dir='ltr' id='par_1_5' title="bbox 339 2249 396 2282">
     <span class='ocr_line' id='line_1_5' title="bbox 339 2249 396 2282; baseline -0.018 0"><span class='ocrx_word' id='word_1_5' title='bbox 339 2249 396 2282; x_wconf 78' lang='lat'>13.</span> 
     </span>
    </p>
   </div>
   <div class='ocr_carea' id='block_1_6' title="bbox 637 116 899 151">
    <p class='ocr_par' dir='ltr' id='par_1_6' title="bbox 637 116 899 151">
     <span class='ocr_line' id='line_1_6' title="bbox 637 116 899 151; baseline 0 0"><span class='ocrx_word' id='word_1_6' title='bbox 637 116 899 151; x_wconf 82' lang='lat'>—161—</span> 
     </span>
    </p>
   </div>
   <div class='ocr_carea' id='block_1_7' title="bbox 416 207 1151 394">
    <p class='ocr_par' dir='ltr' id='par_1_7' title="bbox 421 207 1112 256">
     <span class='ocr_line' id='line_1_7' title="bbox 421 207 1112 256; baseline 0.001 -12"><span class='ocrx_word' id='word_1_7' title='bbox 421 207 565 244; x_wconf 78' lang='lat' dir='ltr'>Laudum</span> <span class='ocrx_word' id='word_1_8' title='bbox 592 213 736 256; x_wconf 78' lang='lat' dir='ltr'>excubia,</span> <span class='ocrx_word' id='word_1_9' title='bbox 764 213 862 245; x_wconf 77' lang='lat' dir='ltr'>donat</span> <span class='ocrx_word' id='word_1_10' title='bbox 885 221 965 253; x_wconf 85' lang='lat' dir='ltr'>quae</span> <span class='ocrx_word' id='word_1_11' title='bbox 990 213 1112 252; x_wconf 89' lang='lat' dir='ltr'>copiam</span> 
     </span>
    </p>

    <p class='ocr_par' dir='ltr' id='par_1_8' title="bbox 417 257 1000 300">
     <span class='ocr_line' id='line_1_8' title="bbox 417 257 1000 300; baseline 0.003 -11"><span class='ocrx_word' id='word_1_12' title='bbox 417 257 562 299; x_wconf 82' lang='lat' dir='ltr'>Virtutis,</span> <span class='ocrx_word' id='word_1_13' title='bbox 588 260 718 292; x_wconf 83' lang='lat' dir='ltr'>dimicet</span> <span class='ocrx_word' id='word_1_14' title='bbox 741 269 840 300; x_wconf 85' lang='lat' dir='ltr'>usque</span> <span class='ocrx_word' id='word_1_15' title='bbox 864 260 1000 292; x_wconf 80' lang='lat' dir='ltr'>viriliter</span> 
     </span>
    </p>

    <p class='ocr_par' dir='ltr' id='par_1_9' title="bbox 416 304 1151 394">
     <span class='ocr_line' id='line_1_9' title="bbox 416 304 1151 347; baseline 0.004 -11"><span class='ocrx_word' id='word_1_16' title='bbox 416 304 498 337; x_wconf 77' lang='lat' dir='ltr'>Eum</span> <span class='ocrx_word' id='word_1_17' title='bbox 523 307 744 345; x_wconf 76' lang='lat' dir='ltr'><strong>quaerentium</strong></span> <span class='ocrx_word' id='word_1_18' title='bbox 769 307 873 347; x_wconf 85' lang='lat' dir='ltr'>ipsum</span> <span class='ocrx_word' id='word_1_19' title='bbox 898 316 955 339; x_wconf 83' lang='lat' dir='ltr'>ceu</span> <span class='ocrx_word' id='word_1_20' title='bbox 981 310 1151 347; x_wconf 74' lang='lat' dir='ltr'>praepetes</span> 
     </span>
     <span class='ocr_line' id='line_1_10' title="bbox 537 354 976 394; baseline 0.002 -9"><span class='ocrx_word' id='word_1_21' title='bbox 537 354 714 386; x_wconf 86' lang='lat' dir='ltr'>Animabus</span> <span class='ocrx_word' id='word_1_22' title='bbox 740 355 976 394; x_wconf 81' lang='lat' dir='ltr'>comprendere.</span> 
     </span>
    </p>
   </div>
   <div class='ocr_carea' id='block_1_8' title="bbox 382 410 1131 456">
    <p class='ocr_par' dir='ltr' id='par_1_10' title="bbox 382 410 1131 456">
     <span class='ocr_line' id='line_1_11' title="bbox 382 410 1131 456; baseline 0.001 -10"><span class='ocrx_word' id='word_1_23' title='bbox 382 440 389 446; x_wconf 96' lang='lat'>.</span> <span class='ocrx_word' id='word_1_24' title='bbox 418 410 465 445; x_wconf 81' lang='lat' dir='ltr'>Oc</span> <span class='ocrx_word' id='word_1_25' title='bbox 488 414 544 447; x_wconf 86' lang='lat' dir='ltr'>tali</span> <span class='ocrx_word' id='word_1_26' title='bbox 571 415 717 455; x_wconf 83' lang='lat' dir='ltr'>exemplo</span> <span class='ocrx_word' id='word_1_27' title='bbox 743 415 832 456; x_wconf 87' lang='lat' dir='ltr'>virgo</span> <span class='ocrx_word' id='word_1_28' title='bbox 856 425 928 447; x_wconf 85' lang='lat' dir='ltr'>nam</span> <span class='ocrx_word' id='word_1_29' title='bbox 953 416 1131 455; x_wconf 87' lang='lat' dir='ltr'>insequens,</span> 
     </span>
    </p>
   </div>
   <div class='ocr_carea' id='block_1_9' title="bbox 417 460 1117 598">
    <p class='ocr_par' dir='ltr' id='par_1_11' title="bbox 417 460 1117 598">
     <span class='ocr_line' id='line_1_12' title="bbox 417 460 1032 495; baseline 0.003 -2"><span class='ocrx_word' id='word_1_30' title='bbox 417 460 537 493; x_wconf 86' lang='lat' dir='ltr'>Libens</span> <span class='ocrx_word' id='word_1_31' title='bbox 563 471 633 495; x_wconf 87' lang='lat' dir='ltr'>cum</span> <span class='ocrx_word' id='word_1_32' title='bbox 658 463 744 495; x_wconf 87' lang='lat' dir='ltr'>socio</span> <span class='ocrx_word' id='word_1_33' title='bbox 769 463 868 495; x_wconf 89' lang='lat' dir='ltr'>saecli</span> <span class='ocrx_word' id='word_1_34' title='bbox 892 463 1032 495; x_wconf 85' lang='lat' dir='ltr'>labentia</span> 
     </span>
     <span class='ocr_line' id='line_1_13' title="bbox 417 508 1117 550; baseline 0.004 -11"><span class='ocrx_word' id='word_1_35' title='bbox 417 508 558 540; x_wconf 74' lang='lat' dir='ltr'>Theatra</span> <span class='ocrx_word' id='word_1_36' title='bbox 583 518 745 550; x_wconf 87' lang='lat' dir='ltr'>respuens,</span> <span class='ocrx_word' id='word_1_37' title='bbox 774 509 893 542; x_wconf 88' lang='lat' dir='ltr'>Christi</span> <span class='ocrx_word' id='word_1_38' title='bbox 918 513 1117 543; x_wconf 86' lang='lat' dir='ltr'>concremata</span> 
     </span>
     <span class='ocr_line' id='line_1_14' title="bbox 537 556 967 598; baseline 0.005 -11"><span class='ocrx_word' id='word_1_39' title='bbox 537 556 665 588; x_wconf 85' lang='lat' dir='ltr'>Amoris</span> <span class='ocrx_word' id='word_1_40' title='bbox 690 557 793 589; x_wconf 80' lang='lat' dir='ltr'>sancti</span> <span class='ocrx_word' id='word_1_41' title='bbox 817 557 967 598; x_wconf 78' lang='lat' dir='ltr'>igniculo.</span> 
     </span>
    </p>
   </div>
   <div class='ocr_carea' id='block_1_10' title="bbox 379 613 1080 659">
    <p class='ocr_par' dir='ltr' id='par_1_12' title="bbox 379 613 1080 659">
     <span class='ocr_line' id='line_1_15' title="bbox 379 613 1080 659; baseline 0.003 -12"><span class='ocrx_word' id='word_1_42' title='bbox 379 641 386 648; x_wconf 91' lang='lat'><strong><em>.</em></strong></span> <span class='ocrx_word' id='word_1_43' title='bbox 418 613 565 651; x_wconf 73' lang='lat' dir='ltr'>Gliscunt</span> <span class='ocrx_word' id='word_1_44' title='bbox 587 618 778 657; x_wconf 82' lang='lat' dir='ltr'>praecordia</span> <span class='ocrx_word' id='word_1_45' title='bbox 803 618 923 658; x_wconf 86' lang='lat' dir='ltr'>oppido</span> <span class='ocrx_word' id='word_1_46' title='bbox 948 618 1080 659; x_wconf 85' lang='lat' dir='ltr'>virginis</span> 
     </span>
    </p>
   </div>
   <div class='ocr_carea' id='block_1_11' title="bbox 413 663 1110 799">
    <p class='ocr_par' dir='ltr' id='par_1_13' title="bbox 413 663 1110 799">
     <span class='ocr_line' id='line_1_16' title="bbox 418 663 1110 706; baseline 0.001 -10"><span class='ocrx_word' id='word_1_47' title='bbox 418 663 593 696; x_wconf 79' lang='lat' dir='ltr'>Caelestem</span> <span class='ocrx_word' id='word_1_48' title='bbox 618 665 774 704; x_wconf 87' lang='lat' dir='ltr'>principis</span> <span class='ocrx_word' id='word_1_49' title='bbox 801 666 893 698; x_wconf 83' lang='lat' dir='ltr'>adire</span> <span class='ocrx_word' id='word_1_50' title='bbox 919 666 1110 706; x_wconf 82' lang='lat' dir='ltr'>thalamum3</span> 
     </span>
     <span class='ocr_line' id='line_1_17' title="bbox 413 710 1018 750; baseline 0.005 -9"><span class='ocrx_word' id='word_1_51' title='bbox 413 710 570 750; x_wconf 74' lang='lat' dir='ltr'>Reppulit</span> <span class='ocrx_word' id='word_1_52' title='bbox 593 711 726 744; x_wconf 87' lang='lat' dir='ltr'>horrida</span> <span class='ocrx_word' id='word_1_53' title='bbox 749 711 789 744; x_wconf 90' lang='lat' dir='ltr'>ab</span> <span class='ocrx_word' id='word_1_54' title='bbox 815 713 876 744; x_wconf 87' lang='lat' dir='ltr'>hoc</span> <span class='ocrx_word' id='word_1_55' title='bbox 901 712 1018 745; x_wconf 81' lang='lat' dir='ltr'>edictio</span> 
     </span>
     <span class='ocr_line' id='line_1_18' title="bbox 537 758 1028 799; baseline 0.004 -10"><span class='ocrx_word' id='word_1_56' title='bbox 537 758 639 790; x_wconf 86' lang='lat' dir='ltr'>Prisci</span> <span class='ocrx_word' id='word_1_57' title='bbox 663 767 778 799; x_wconf 86' lang='lat' dir='ltr'>nempe</span> <span class='ocrx_word' id='word_1_58' title='bbox 799 760 1028 799; x_wconf 83' lang='lat' dir='ltr'>praeconsulis.</span> 
     </span>
    </p>
   </div>
   <div class='ocr_carea' id='block_1_12' title="bbox 382 816 1092 860">
    <p class='ocr_par' dir='ltr' id='par_1_14' title="bbox 382 816 1092 860">
     <span class='ocr_line' id='line_1_19' title="bbox 382 816 1092 860; baseline 0.001 -9"><span class='ocrx_word' id='word_1_59' title='bbox 382 843 389 850; x_wconf 94' lang='lat'><strong><em>.</em></strong></span> <span class='ocrx_word' id='word_1_60' title='bbox 417 816 456 852; x_wconf 89' lang='lat' dir='ltr'>In</span> <span class='ocrx_word' id='word_1_61' title='bbox 482 828 607 851; x_wconf 84' lang='lat' dir='ltr'>omnem</span> <span class='ocrx_word' id='word_1_62' title='bbox 632 821 686 859; x_wconf 80' lang='lat' dir='ltr'>qui</span> <span class='ocrx_word' id='word_1_63' title='bbox 705 820 796 852; x_wconf 73' lang='lat' dir='ltr'>iubet,</span> <span class='ocrx_word' id='word_1_64' title='bbox 818 821 869 852; x_wconf 85' lang='lat' dir='ltr'>ire</span> <span class='ocrx_word' id='word_1_65' title='bbox 892 821 1092 860; x_wconf 81' lang='lat' dir='ltr'>provinciam</span> 
     </span>
    </p>
   </div>
   <div class='ocr_carea' id='block_1_13' title="bbox 415 866 1126 1002">
    <p class='ocr_par' dir='ltr' id='par_1_15' title="bbox 415 866 1126 1002">
     <span class='ocr_line' id='line_1_20' title="bbox 415 866 1126 907; baseline 0.001 -8"><span class='ocrx_word' id='word_1_66' title='bbox 415 866 512 899; x_wconf 85' lang='lat' dir='ltr'>Suum</span> <span class='ocrx_word' id='word_1_67' title='bbox 537 867 759 899; x_wconf 81' lang='lat' dir='ltr'>observantem</span> <span class='ocrx_word' id='word_1_68' title='bbox 783 876 972 907; x_wconf 86' lang='lat' dir='ltr'>praeconem</span> <span class='ocrx_word' id='word_1_69' title='bbox 998 871 1126 900; x_wconf 84' lang='lat' dir='ltr'>tonare:</span> 
     </span>
     <span class='ocr_line' id='line_1_21' title="bbox 417 914 981 956; baseline 0 -10"><span class='ocrx_word' id='word_1_70' title='bbox 417 914 505 946; x_wconf 83' lang='lat' dir='ltr'>Talis</span> <span class='ocrx_word' id='word_1_71' title='bbox 532 923 602 946; x_wconf 91' lang='lat' dir='ltr'>cum</span> <span class='ocrx_word' id='word_1_72' title='bbox 626 914 725 947; x_wconf 85' lang='lat' dir='ltr'>iussio</span> <span class='ocrx_word' id='word_1_73' title='bbox 750 915 859 956; x_wconf 80' lang='lat' dir='ltr'>agnita</span> <span class='ocrx_word' id='word_1_74' title='bbox 882 914 981 947; x_wconf 77' lang='lat' dir='ltr'>fuerit</span> 
     </span>
     <span class='ocr_line' id='line_1_22' title="bbox 532 961 958 1002; baseline 0.002 -9"><span class='ocrx_word' id='word_1_75' title='bbox 532 961 643 994; x_wconf 85' lang='lat' dir='ltr'>Tubae</span> <span class='ocrx_word' id='word_1_76' title='bbox 668 970 800 1002; x_wconf 78' lang='lat' dir='ltr'>voxque,</span> <span class='ocrx_word' id='word_1_77' title='bbox 826 965 862 994; x_wconf 85' lang='lat' dir='ltr'>ut</span> <span class='ocrx_word' id='word_1_78' title='bbox 884 962 958 994; x_wconf 84' lang='lat' dir='ltr'>ilico</span> 
     </span>
    </p>
   </div>
   <div class='ocr_carea' id='block_1_14' title="bbox 382 1020 1069 1064">
    <p class='ocr_par' dir='ltr' id='par_1_16' title="bbox 382 1020 1069 1064">
     <span class='ocr_line' id='line_1_23' title="bbox 382 1020 1069 1064; baseline 0 -9"><span class='ocrx_word' id='word_1_79' title='bbox 382 1048 388 1055; x_wconf 97' lang='lat'>.</span> <span class='ocrx_word' id='word_1_80' title='bbox 417 1020 525 1063; x_wconf 82' lang='lat' dir='ltr'>Usque</span> <span class='ocrx_word' id='word_1_81' title='bbox 549 1032 584 1055; x_wconf 90' lang='lat' dir='ltr'>se</span> <span class='ocrx_word' id='word_1_82' title='bbox 610 1023 794 1064; x_wconf 87' lang='lat' dir='ltr'>impronans</span> <span class='ocrx_word' id='word_1_83' title='bbox 819 1024 906 1056; x_wconf 87' lang='lat' dir='ltr'>humi</span> <span class='ocrx_word' id='word_1_84' title='bbox 933 1022 1069 1055; x_wconf 88' lang='lat' dir='ltr'>confinia</span> 
     </span>
    </p>
   </div>
   <div class='ocr_carea' id='block_1_15' title="bbox 417 1071 1093 1205">
    <p class='ocr_par' dir='ltr' id='par_1_17' title="bbox 417 1071 1093 1205">
     <span class='ocr_line' id='line_1_24' title="bbox 417 1071 1061 1111; baseline -0.003 -8"><span class='ocrx_word' id='word_1_85' title='bbox 417 1071 478 1103; x_wconf 90' lang='lat' dir='ltr'>Dei</span> <span class='ocrx_word' id='word_1_86' title='bbox 502 1072 637 1111; x_wconf 82' lang='lat' dir='ltr'>vestigia</span> <span class='ocrx_word' id='word_1_87' title='bbox 660 1071 778 1103; x_wconf 83' lang='lat' dir='ltr'>Martis</span> <span class='ocrx_word' id='word_1_88' title='bbox 802 1071 847 1102; x_wconf 80' lang='lat' dir='ltr'>sit</span> <span class='ocrx_word' id='word_1_89' title='bbox 869 1072 1061 1111; x_wconf 71' lang='lat' dir='ltr'>prostratus,</span> 
     </span>
     <span class='ocr_line' id='line_1_25' title="bbox 417 1117 1093 1158; baseline -0.003 -8"><span class='ocrx_word' id='word_1_90' title='bbox 417 1118 611 1151; x_wconf 78' lang='lat' dir='ltr'>collaudans</span> <span class='ocrx_word' id='word_1_91' title='bbox 636 1119 759 1158; x_wconf 83' lang='lat' dir='ltr'>adoret,</span> <span class='ocrx_word' id='word_1_92' title='bbox 786 1127 940 1150; x_wconf 88' lang='lat' dir='ltr'>venerans</span> <span class='ocrx_word' id='word_1_93' title='bbox 968 1117 1093 1150; x_wconf 83' lang='lat' dir='ltr'>excolat</span> 
     </span>
     <span class='ocr_line' id='line_1_26' title="bbox 538 1165 941 1205; baseline 0.002 -7"><span class='ocrx_word' id='word_1_94' title='bbox 538 1165 757 1205; x_wconf 81' lang='lat' dir='ltr'>Libamenque</span> <span class='ocrx_word' id='word_1_95' title='bbox 782 1166 941 1199; x_wconf 77' lang='lat' dir='ltr'>exhibeat.</span> 
     </span>
    </p>
   </div>
   <div class='ocr_carea' id='block_1_16' title="bbox 381 1224 988 1267">
    <p class='ocr_par' dir='ltr' id='par_1_18' title="bbox 381 1224 988 1267">
     <span class='ocr_line' id='line_1_27' title="bbox 381 1224 988 1267; baseline -0.002 -8"><span class='ocrx_word' id='word_1_96' title='bbox 381 1253 388 1259; x_wconf 89' lang='lat'><em>.</em></span> <span class='ocrx_word' id='word_1_97' title='bbox 416 1224 531 1267; x_wconf 77' lang='lat' dir='ltr'>sicque</span> <span class='ocrx_word' id='word_1_98' title='bbox 556 1228 715 1267; x_wconf 86' lang='lat' dir='ltr'>reperitur</span> <span class='ocrx_word' id='word_1_99' title='bbox 738 1227 829 1259; x_wconf 86' lang='lat' dir='ltr'>istius</span> <span class='ocrx_word' id='word_1_100' title='bbox 855 1227 988 1266; x_wconf 80' lang='lat' dir='ltr'>sanctio,</span> 
     </span>
    </p>
   </div>
   <div class='ocr_carea' id='block_1_17' title="bbox 416 1272 999 1402">
    <p class='ocr_par' dir='ltr' id='par_1_19' title="bbox 416 1272 999 1402">
     <span class='ocr_line' id='line_1_28' title="bbox 419 1272 972 1315; baseline -0.004 -8"><span class='ocrx_word' id='word_1_101' title='bbox 419 1275 515 1315; x_wconf 83' lang='lat' dir='ltr'>Legis</span> <span class='ocrx_word' id='word_1_102' title='bbox 541 1275 690 1307; x_wconf 81' lang='lat' dir='ltr'>violatrix</span> <span class='ocrx_word' id='word_1_103' title='bbox 715 1273 808 1306; x_wconf 85' lang='lat' dir='ltr'>fortis</span> <span class='ocrx_word' id='word_1_104' title='bbox 833 1272 972 1306; x_wconf 86' lang='lat' dir='ltr'>Eufimia</span> 
     </span>
     <span class='ocr_line' id='line_1_29' title="bbox 416 1321 999 1362; baseline -0.005 -7"><span class='ocrx_word' id='word_1_105' title='bbox 416 1323 567 1362; x_wconf 73' lang='lat' dir='ltr'>inquiens</span> <span class='ocrx_word' id='word_1_106' title='bbox 592 1322 713 1354; x_wconf 82' lang='lat' dir='ltr'>licitum</span> <span class='ocrx_word' id='word_1_107' title='bbox 738 1330 820 1354; x_wconf 84' lang='lat' dir='ltr'>neve</span> <span class='ocrx_word' id='word_1_108' title='bbox 844 1321 999 1353; x_wconf 73' lang='lat' dir='ltr'>exsistere</span> 
     </span>
     <span class='ocr_line' id='line_1_30' title="bbox 533 1368 911 1402; baseline 0.005 -2"><span class='ocrx_word' id='word_1_109' title='bbox 533 1369 598 1401; x_wconf 82' lang='lat' dir='ltr'>Fas</span> <span class='ocrx_word' id='word_1_110' title='bbox 622 1369 739 1401; x_wconf 84' lang='lat' dir='ltr'>Martis</span> <span class='ocrx_word' id='word_1_111' title='bbox 765 1368 911 1402; x_wconf 84' lang='lat' dir='ltr'>turificia.</span> 
     </span>
    </p>
   </div>
   <div class='ocr_carea' id='block_1_18' title="bbox 412 1429 1125 1613">
    <p class='ocr_par' dir='ltr' id='par_1_20' title="bbox 416 1429 1125 1469">
     <span class='ocr_line' id='line_1_31' title="bbox 416 1429 1125 1469; baseline -0.004 -6"><span class='ocrx_word' id='word_1_112' title='bbox 416 1432 487 1463; x_wconf 93' lang='lat' dir='ltr'>Hoc</span> <span class='ocrx_word' id='word_1_113' title='bbox 510 1431 565 1463; x_wconf 87' lang='lat' dir='ltr'>ubi</span> <span class='ocrx_word' id='word_1_114' title='bbox 590 1430 710 1463; x_wconf 83' lang='lat' dir='ltr'>factum</span> <span class='ocrx_word' id='word_1_115' title='bbox 736 1433 794 1468; x_wconf 86' lang='lat' dir='ltr'>est,</span> <span class='ocrx_word' id='word_1_116' title='bbox 817 1431 908 1469; x_wconf 83' lang='lat' dir='ltr'>patet</span> <span class='ocrx_word' id='word_1_117' title='bbox 931 1429 1125 1469; x_wconf 86' lang='lat' dir='ltr'>proconsuli,</span> 
     </span>
    </p>

    <p class='ocr_par' dir='ltr' id='par_1_21' title="bbox 412 1476 1024 1511">
     <span class='ocr_line' id='line_1_32' title="bbox 412 1476 1024 1511; baseline -0.005 -1"><span class='ocrx_word' id='word_1_118' title='bbox 412 1477 485 1511; x_wconf 74' lang='lat' dir='ltr'>Suis</span> <span class='ocrx_word' id='word_1_119' title='bbox 511 1487 585 1510; x_wconf 81' lang='lat' dir='ltr'>mox</span> <span class='ocrx_word' id='word_1_120' title='bbox 609 1476 722 1510; x_wconf 85' lang='lat' dir='ltr'>adfore</span> <span class='ocrx_word' id='word_1_121' title='bbox 746 1477 836 1510; x_wconf 85' lang='lat' dir='ltr'>iubet</span> <span class='ocrx_word' id='word_1_122' title='bbox 860 1476 1024 1509; x_wconf 81' lang='lat' dir='ltr'>obtutibus</span> 
     </span>
    </p>

    <p class='ocr_par' dir='ltr' id='par_1_22' title="bbox 415 1524 1094 1613">
     <span class='ocr_line' id='line_1_33' title="bbox 415 1524 1094 1566; baseline -0.007 -7"><span class='ocrx_word' id='word_1_123' title='bbox 415 1526 528 1559; x_wconf 87' lang='lat' dir='ltr'>Coram</span> <span class='ocrx_word' id='word_1_124' title='bbox 553 1524 723 1557; x_wconf 85' lang='lat' dir='ltr'>Eufimiam</span> <span class='ocrx_word' id='word_1_125' title='bbox 747 1525 903 1566; x_wconf 64' lang='lat' dir='ltr'>inquiam,</span> <span class='ocrx_word' id='word_1_126' title='bbox 932 1533 988 1555; x_wconf 88' lang='lat' dir='ltr'>cur</span> <span class='ocrx_word' id='word_1_127' title='bbox 1015 1524 1094 1555; x_wconf 84' lang='lat' dir='ltr'>levis</span> 
     </span>
     <span class='ocr_line' id='line_1_34' title="bbox 531 1571 967 1613; baseline -0.002 -9"><span class='ocrx_word' id='word_1_128' title='bbox 531 1573 701 1605; x_wconf 80' lang='lat' dir='ltr'>Temneret</span> <span class='ocrx_word' id='word_1_129' title='bbox 726 1573 807 1613; x_wconf 78' lang='lat' dir='ltr'>legis</span> <span class='ocrx_word' id='word_1_130' title='bbox 833 1571 967 1612; x_wconf 79' lang='lat' dir='ltr'>fulgida.</span> 
     </span>
    </p>
   </div>
   <div class='ocr_carea' id='block_1_19' title="bbox 413 1633 1068 1808">
    <p class='ocr_par' dir='ltr' id='par_1_23' title="bbox 419 1633 1043 1676">
     <span class='ocr_line' id='line_1_35' title="bbox 419 1633 1043 1676; baseline -0.006 -8"><span class='ocrx_word' id='word_1_131' title='bbox 419 1636 541 1668; x_wconf 82' lang='lat' dir='ltr'>Cedens</span> <span class='ocrx_word' id='word_1_132' title='bbox 567 1636 594 1666; x_wconf 87' lang='lat' dir='ltr'>si</span> <span class='ocrx_word' id='word_1_133' title='bbox 619 1634 747 1676; x_wconf 85' lang='lat' dir='ltr'>placide</span> <span class='ocrx_word' id='word_1_134' title='bbox 771 1643 841 1666; x_wconf 86' lang='lat' dir='ltr'>meo</span> <span class='ocrx_word' id='word_1_135' title='bbox 865 1633 1043 1666; x_wconf 83' lang='lat' dir='ltr'>intenderis</span> 
     </span>
    </p>

    <p class='ocr_par' dir='ltr' id='par_1_24' title="bbox 415 1682 1068 1724">
     <span class='ocr_line' id='line_1_36' title="bbox 415 1682 1068 1724; baseline -0.003 -10"><span class='ocrx_word' id='word_1_136' title='bbox 415 1683 541 1715; x_wconf 66' lang='lat' dir='ltr'>salubri</span> <span class='ocrx_word' id='word_1_137' title='bbox 567 1682 748 1724; x_wconf 77' lang='lat' dir='ltr'>hortamini,</span> <span class='ocrx_word' id='word_1_138' title='bbox 776 1683 836 1713; x_wconf 90' lang='lat' dir='ltr'>hoc</span> <span class='ocrx_word' id='word_1_139' title='bbox 861 1691 880 1713; x_wconf 87' lang='lat' dir='ltr'>a</span> <span class='ocrx_word' id='word_1_140' title='bbox 903 1682 1068 1720; x_wconf 87' lang='lat' dir='ltr'>proposito</span> 
     </span>
    </p>

    <p class='ocr_par' dir='ltr' id='par_1_25' title="bbox 413 1728 985 1808">
     <span class='ocr_line' id='line_1_37' title="bbox 413 1728 974 1769; baseline -0.004 -8"><span class='ocrx_word' id='word_1_141' title='bbox 413 1730 568 1761; x_wconf 82' lang='lat' dir='ltr'>Discedcs</span> <span class='ocrx_word' id='word_1_142' title='bbox 593 1730 709 1769; x_wconf 83' lang='lat' dir='ltr'>tenaci,</span> <span class='ocrx_word' id='word_1_143' title='bbox 736 1728 826 1768; x_wconf 82' lang='lat' dir='ltr'>fungi</span> <span class='ocrx_word' id='word_1_144' title='bbox 851 1728 974 1760; x_wconf 81' lang='lat' dir='ltr'>eximiis</span> 
     </span>
     <span class='ocr_line' id='line_1_38' title="bbox 534 1775 985 1808; baseline -0.004 0"><span class='ocrx_word' id='word_1_145' title='bbox 534 1775 676 1808; x_wconf 86' lang='lat' dir='ltr'>Merebis</span> <span class='ocrx_word' id='word_1_146' title='bbox 701 1785 775 1808; x_wconf 86' lang='lat' dir='ltr'>nam</span> <span class='ocrx_word' id='word_1_147' title='bbox 799 1775 985 1808; x_wconf 87' lang='lat' dir='ltr'>honoribus.</span> 
     </span>
    </p>
   </div>
   <div class='ocr_carea' id='block_1_20' title="bbox 419 1837 1089 2022">
    <p class='ocr_par' dir='ltr' id='par_1_26' title="bbox 423 1837 1089 1870">
     <span class='ocr_line' id='line_1_39' title="bbox 423 1837 1089 1870; baseline -0.003 0"><span class='ocrx_word' id='word_1_148' title='bbox 423 1838 571 1870; x_wconf 72' lang='lat' dir='ltr'>Renuens</span> <span class='ocrx_word' id='word_1_149' title='bbox 596 1839 730 1869; x_wconf 71' lang='lat' dir='ltr'>metrico</span> <span class='ocrx_word' id='word_1_150' title='bbox 757 1838 926 1869; x_wconf 78' lang='lat' dir='ltr'>damnatur</span> <span class='ocrx_word' id='word_1_151' title='bbox 952 1837 1089 1868; x_wconf 87' lang='lat' dir='ltr'>carceris</span> 
     </span>
    </p>

    <p class='ocr_par' dir='ltr' id='par_1_27' title="bbox 419 1885 1081 1926">
     <span class='ocr_line' id='line_1_40' title="bbox 419 1885 1081 1926; baseline -0.003 -9"><span class='ocrx_word' id='word_1_152' title='bbox 419 1885 511 1917; x_wconf 83' lang='lat' dir='ltr'>Saevi</span> <span class='ocrx_word' id='word_1_153' title='bbox 539 1885 707 1926; x_wconf 77' lang='lat' dir='ltr'>ergastulo,</span> <span class='ocrx_word' id='word_1_154' title='bbox 736 1894 804 1917; x_wconf 84' lang='lat' dir='ltr'>cum</span> <span class='ocrx_word' id='word_1_155' title='bbox 830 1885 892 1917; x_wconf 89' lang='lat' dir='ltr'>sibi</span> <span class='ocrx_word' id='word_1_156' title='bbox 917 1892 1081 1924; x_wconf 88' lang='lat' dir='ltr'>compares</span> 
     </span>
    </p>

    <p class='ocr_par' dir='ltr' id='par_1_28' title="bbox 420 1932 1072 2022">
     <span class='ocr_line' id='line_1_41' title="bbox 420 1932 1023 1973; baseline 0.002 -10"><span class='ocrx_word' id='word_1_157' title='bbox 420 1932 574 1964; x_wconf 82' lang='lat' dir='ltr'>Distincti</span> <span class='ocrx_word' id='word_1_158' title='bbox 599 1941 730 1965; x_wconf 84' lang='lat' dir='ltr'>numero</span> <span class='ocrx_word' id='word_1_159' title='bbox 755 1933 878 1973; x_wconf 86' lang='lat' dir='ltr'>septeni</span> <span class='ocrx_word' id='word_1_160' title='bbox 903 1932 1023 1973; x_wconf 85' lang='lat' dir='ltr'>septies</span> 
     </span>
     <span class='ocr_line' id='line_1_42' title="bbox 537 1978 1072 2022; baseline 0.002 -10"><span class='ocrx_word' id='word_1_161' title='bbox 537 1980 599 2012; x_wconf 91' lang='lat' dir='ltr'>Pro</span> <span class='ocrx_word' id='word_1_162' title='bbox 626 1981 752 2013; x_wconf 85' lang='lat' dir='ltr'>Christo</span> <span class='ocrx_word' id='word_1_163' title='bbox 777 1981 858 2012; x_wconf 88' lang='lat' dir='ltr'>mori</span> <span class='ocrx_word' id='word_1_164' title='bbox 881 1978 1072 2022; x_wconf 83' lang='lat' dir='ltr'>niten[te]s.</span> 
     </span>
    </p>
   </div>
   <div class='ocr_carea' id='block_1_21' title="bbox 418 2042 1215 2219">
    <p class='ocr_par' dir='ltr' id='par_1_29' title="bbox 422 2042 977 2084">
     <span class='ocr_line' id='line_1_43' title="bbox 422 2042 977 2084; baseline 0 -10"><span class='ocrx_word' id='word_1_165' title='bbox 422 2042 474 2074; x_wconf 79' lang='lat' dir='ltr'>Ita</span> <span class='ocrx_word' id='word_1_166' title='bbox 499 2043 660 2074; x_wconf 78' lang='lat' dir='ltr'>cruentior</span> <span class='ocrx_word' id='word_1_167' title='bbox 683 2043 759 2081; x_wconf 89' lang='lat' dir='ltr'>lupo</span> <span class='ocrx_word' id='word_1_168' title='bbox 783 2042 977 2084; x_wconf 84' lang='lat' dir='ltr'>ingrediens,</span> 
     </span>
    </p>

    <p class='ocr_par' dir='ltr' id='par_1_30' title="bbox 419 2089 1163 2131">
     <span class='ocr_line' id='line_1_44' title="bbox 419 2089 1163 2131; baseline -0.001 -10"><span class='ocrx_word' id='word_1_169' title='bbox 419 2089 567 2122; x_wconf 82' lang='lat' dir='ltr'>Sanctam</span> <span class='ocrx_word' id='word_1_170' title='bbox 593 2090 632 2122; x_wconf 87' lang='lat' dir='ltr'>ab</span> <span class='ocrx_word' id='word_1_171' title='bbox 658 2090 783 2130; x_wconf 83' lang='lat' dir='ltr'>agmine</span> <span class='ocrx_word' id='word_1_172' title='bbox 806 2092 987 2122; x_wconf 85' lang='lat' dir='ltr'>sanctorum</span> <span class='ocrx_word' id='word_1_173' title='bbox 1014 2089 1163 2131; x_wconf 84' lang='lat' dir='ltr'>eripiens,</span> 
     </span>
    </p>

    <p class='ocr_par' dir='ltr' id='par_1_31' title="bbox 418 2136 1215 2219">
     <span class='ocr_line' id='line_1_45' title="bbox 418 2136 1215 2178; baseline -0.005 -8"><span class='ocrx_word' id='word_1_174' title='bbox 418 2138 531 2170; x_wconf 83' lang='lat' dir='ltr'>Posset</span> <span class='ocrx_word' id='word_1_175' title='bbox 556 2137 639 2177; x_wconf 90' lang='lat' dir='ltr'>quod</span> <span class='ocrx_word' id='word_1_176' title='bbox 666 2137 798 2178; x_wconf 78' lang='lat' dir='ltr'>opinans</span> <span class='ocrx_word' id='word_1_177' title='bbox 824 2138 906 2170; x_wconf 82' lang='lat' dir='ltr'>hanc</span> <span class='ocrx_word' id='word_1_178' title='bbox 931 2146 1080 2177; x_wconf 87' lang='lat' dir='ltr'>sponsam</span> <span class='ocrx_word' id='word_1_179' title='bbox 1105 2136 1215 2175; x_wconf 82' lang='lat' dir='ltr'>fragili</span> 
     </span>
     <span class='ocr_line' id='line_1_46' title="bbox 538 2184 931 2219; baseline 0.005 -2"><span class='ocrx_word' id='word_1_180' title='bbox 538 2184 622 2217; x_wconf 86' lang='lat' dir='ltr'>Sexu</span> <span class='ocrx_word' id='word_1_181' title='bbox 646 2185 775 2218; x_wconf 84' lang='lat' dir='ltr'>tandem</span> <span class='ocrx_word' id='word_1_182' title='bbox 799 2185 931 2219; x_wconf 87' lang='lat' dir='ltr'>illicere.</span> 
     </span>
    </p>
   </div>
   <div class='ocr_carea' id='block_1_22' title="bbox 420 2244 1150 2432">
    <p class='ocr_par' dir='ltr' id='par_1_32' title="bbox 422 2244 1150 2287">
     <span class='ocr_line' id='line_1_47' title="bbox 422 2244 1150 2287; baseline -0.007 -8"><span class='ocrx_word' id='word_1_183' title='bbox 422 2248 523 2287; x_wconf 74' lang='lat' dir='ltr'>Quam</span> <span class='ocrx_word' id='word_1_184' title='bbox 547 2248 584 2277; x_wconf 84' lang='lat' dir='ltr'>ut</span> <span class='ocrx_word' id='word_1_185' title='bbox 607 2246 801 2280; x_wconf 67' lang='lat' dir='ltr'>obtinentem</span> <span class='ocrx_word' id='word_1_186' title='bbox 825 2246 992 2287; x_wconf 79' lang='lat' dir='ltr'>prospexit</span> <span class='ocrx_word' id='word_1_187' title='bbox 1016 2244 1150 2277; x_wconf 80' lang='lat' dir='ltr'>militem</span> 
     </span>
    </p>

    <p class='ocr_par' dir='ltr' id='par_1_33' title="bbox 421 2292 1104 2334">
     <span class='ocr_line' id='line_1_48' title="bbox 421 2292 1104 2334; baseline -0.007 -7"><span class='ocrx_word' id='word_1_188' title='bbox 421 2294 552 2333; x_wconf 81' lang='lat' dir='ltr'>Christi,</span> <span class='ocrx_word' id='word_1_189' title='bbox 575 2295 745 2334; x_wconf 89' lang='lat' dir='ltr'>proconsul</span> <span class='ocrx_word' id='word_1_190' title='bbox 770 2304 844 2327; x_wconf 87' lang='lat' dir='ltr'>mox</span> <span class='ocrx_word' id='word_1_191' title='bbox 866 2297 1009 2327; x_wconf 88' lang='lat' dir='ltr'>rotarum</span> <span class='ocrx_word' id='word_1_192' title='bbox 1034 2292 1104 2325; x_wconf 89' lang='lat' dir='ltr'>fieri</span> 
     </span>
    </p>

    <p class='ocr_par' dir='ltr' id='par_1_34' title="bbox 420 2340 1071 2432">
     <span class='ocr_line' id='line_1_49' title="bbox 420 2340 1071 2384; baseline -0.008 -9"><span class='ocrx_word' id='word_1_193' title='bbox 420 2343 472 2375; x_wconf 85' lang='lat' dir='ltr'>lta</span> <span class='ocrx_word' id='word_1_194' title='bbox 497 2343 704 2382; x_wconf 82' lang='lat' dir='ltr'>compositum</span> <span class='ocrx_word' id='word_1_195' title='bbox 731 2344 950 2384; x_wconf 81' lang='lat' dir='ltr'>argumentum</span> <span class='ocrx_word' id='word_1_196' title='bbox 972 2340 1071 2378; x_wconf 83' lang='lat' dir='ltr'>iubet,</span> 
     </span>
     <span class='ocr_line' id='line_1_50' title="bbox 537 2389 1025 2432; baseline -0.006 -8"><span class='ocrx_word' id='word_1_197' title='bbox 537 2390 600 2424; x_wconf 91' lang='lat' dir='ltr'>Pro</span> <span class='ocrx_word' id='word_1_198' title='bbox 625 2399 686 2432; x_wconf 86' lang='lat' dir='ltr'>quo</span> <span class='ocrx_word' id='word_1_199' title='bbox 712 2391 788 2424; x_wconf 80' lang='lat' dir='ltr'>trita</span> <span class='ocrx_word' id='word_1_200' title='bbox 812 2389 1025 2424; x_wconf 84' lang='lat' dir='ltr'>occumberet.</span> 
     </span>
    </p>
   </div>
   <div class='ocr_carea' id='block_1_23' title="bbox 173 2438 1260 2481">
    <p class='ocr_par' dir='ltr' id='par_1_35' title="bbox 173 2438 1260 2481">
     <span class='ocr_line' id='line_1_51' title="bbox 173 2438 1260 2481; baseline -0.01 -3"><span class='ocrx_word' id='word_1_201' title='bbox 173 2455 192 2478; x_wconf 91' lang='lat' dir='ltr'>B</span> <span class='ocrx_word' id='word_1_202' title='bbox 197 2455 207 2478; x_wconf 92' lang='lat' dir='ltr'>l</span> <span class='ocrx_word' id='word_1_203' title='bbox 213 2460 228 2476; x_wconf 85' lang='lat' dir='ltr'>u</span> <span class='ocrx_word' id='word_1_204' title='bbox 234 2460 258 2476; x_wconf 87' lang='lat' dir='ltr'>m</span> <span class='ocrx_word' id='word_1_205' title='bbox 264 2460 277 2477; x_wconf 87' lang='lat' dir='ltr'>e</span> <span class='ocrx_word' id='word_1_206' title='bbox 284 2471 290 2481; x_wconf 85' lang='lat'>,</span> <span class='ocrx_word' id='word_1_207' title='bbox 307 2451 444 2480; x_wconf 81' lang='lat' dir='ltr'>Hymnodia</span> <span class='ocrx_word' id='word_1_208' title='bbox 459 2450 549 2475; x_wconf 61' lang='lat' dir='ltr'>eolica.</span> <span class='ocrx_word' id='word_1_209' title='bbox 1227 2438 1260 2467; x_wconf 93' lang='grc'>11</span> 
     </span>
    </p>
   </div>
  </div>
 </body>
</html>
