1650 2610
396 372 427 404 1.

363 2247 419 2280 10.

690 141 738 147 —
786 121 854 157 155
902 142 952 147 —

580 212 638 246 110.
667 213 704 245 In
723 215 851 246 sanctae
870 215 1055 247 Dorotheae.

713 299 762 329 Ad
782 300 938 338 Vesperas.

455 373 592 416 Christe,
618 377 674 409 lux
699 378 789 418 lucis,
815 378 903 411 Deus
928 380 1122 419 angelorum,

452 421 529 453 Vita
552 427 745 463 sanctorum,
772 426 858 457 salus
883 426 1098 468 innocentum,

448 468 557 500 Plebis
584 475 756 503 conventus
782 473 973 505 celebrantis
996 473 1113 506 festum

592 518 714 558 Accipe
740 522 857 553 votum.

421 605 429 613 .
453 581 514 625 En,
542 585 597 615 tua
622 584 711 624 virgo
736 584 899 617 Dorothea
923 590 1035 619 sancta

450 628 497 660 Te
522 638 657 669 sequens
682 640 809 670 semper
833 642 913 671 puro
940 635 1036 666 corde
1058 636 1153 676 amat,

447 674 492 706 Et
516 685 606 707 suum
633 686 747 717 corpus
772 678 832 710 tibi
857 682 977 711 castum
1001 683 1110 713 servat

593 724 766 765 Menteque
792 729 890 758 casta.

417 811 426 819 .
452 787 583 828 Duplici
608 793 718 830 portat
740 791 855 822 merito
883 800 1041 832 coronam,

448 835 531 867 Dum
556 841 664 868 manet
689 838 778 878 virgo
803 836 911 870 fundit
936 841 969 870 et
994 840 1119 872 beatum

450 882 644 923 Sanguinem
666 895 726 926 pro
751 888 785 916 te
807 886 984 927 proprium,
1011 888 1053 919 ad
1076 889 1211 918 mortem

592 932 685 964 Ultro
713 932 861 965 deducta.

419 1020 427 1027 .
456 996 576 1028 Iudicis
595 997 683 1029 iussu
710 999 835 1037 capitur
860 1000 982 1030 cruenti

453 1042 570 1083 Sicque
593 1043 728 1085 flagellis
752 1046 911 1077 cruciatur
937 1046 1026 1086 diris,

455 1089 518 1122 Sed
543 1095 651 1123 manet
676 1095 823 1124 constans
850 1093 1025 1125 deridendo
1050 1093 1142 1133 nigra

591 1140 685 1171 Idola
708 1142 805 1171 muta.

416 1226 423 1234 .
451 1202 542 1235 Tunc
569 1204 647 1236 duas
672 1205 762 1245 gravi
789 1205 914 1237 deditas
939 1206 971 1238 in
997 1207 1101 1246 lapsu,

450 1250 554 1283 Unam
580 1251 771 1284 Christetem
796 1261 884 1284 suam
911 1256 943 1284 et
964 1262 1105 1286 sororem

450 1298 563 1330 Parem
589 1298 762 1339 Callistem,
788 1299 849 1331 tibi
874 1301 1065 1340 conquisivit

590 1346 668 1387 lgne
692 1348 806 1387 piatas.

416 1436 424 1443 .
449 1411 606 1444 Tenditur
631 1414 779 1453 posthinc
802 1414 836 1444 in
862 1416 984 1445 catasta
1008 1415 1141 1453 martyr,

448 1458 612 1491 Sustinens
637 1469 768 1502 poenaS,
797 1460 852 1492 diu
876 1460 1061 1501 verberata3

448 1505 502 1537 Sic
525 1506 594 1538 Deo
621 1508 748 1548 dignam
773 1508 911 1539 animam
938 1508 1069 1541 donavit

590 1554 751 1595 Sanguine
774 1554 857 1587 fuso.

417 1646 424 1652 .
451 1619 596 1653 Theufilo
620 1622 720 1653 mittit
743 1622 870 1654 niveum
894 1630 1027 1661 puerum

449 1666 527 1698 Cum
551 1669 633 1700 rosis
659 1669 762 1701 tribus
788 1669 984 1708 totidemque
1009 1668 1122 1700 malis:

448 1713 538 1745 Vidit
563 1718 595 1746 et
618 1719 726 1755 stupet
749 1716 881 1748 nimium
906 1724 1053 1755 sagacem

592 1762 708 1795 Munus
734 1765 767 1793 et
790 1767 912 1802 aptum.

417 1850 424 1857 .
451 1827 514 1858 Hic
537 1826 603 1860 fide
627 1830 741 1869 plenus
766 1829 936 1861 vocitando
963 1829 1123 1863 Christum

447 1875 564 1908 Intima
589 1877 701 1918 credit,
727 1876 833 1917 patuit
855 1878 1001 1917 tyranno,

450 1922 552 1963 Caput
576 1924 751 1956 abscissum
776 1925 892 1956 meruit
917 1933 1065 1957 coronam

590 1972 740 2004 Aetheris
766 1973 848 2006 aula.

451 2036 544 2068 Nunc
568 2036 653 2079 fave,
681 2039 781 2080 virgo,
808 2038 955 2077 precibus
981 2042 1118 2079 tuorum,

446 2083 588 2117 Servulis
614 2086 698 2118 dona
722 2086 845 2118 veniam
870 2087 1035 2129 malorum,

447 2131 515 2163 Fac
539 2136 608 2165 tuos
631 2134 723 2166 nobis
748 2134 850 2165 socios
875 2136 1028 2174 patronos

586 2180 731 2222 Longum
755 2181 788 2212 in
813 2190 944 2222 aevum;

446 2245 551 2278 Simus
576 2249 611 2279 ut
634 2251 744 2280 nostro
768 2248 891 2287 placidi
915 2257 1033 2288 amore,

443 2294 542 2326 Festa
567 2295 621 2335 qui
648 2295 742 2336 digno
769 2296 901 2327 colimus
926 2296 1057 2336 honore,

444 2342 539 2374 Pacis
564 2341 709 2375 fruamur
732 2344 857 2384 pariter
883 2344 995 2375 conexi

585 2391 722 2425 Munere
742 2391 850 2432 digno.
