1650 2610
504 550 763 597 Prologus
790 552 1126 599 hymnorum.

240 634 272 666 1.
298 631 456 667 Miracula
477 636 643 675 primaeva
656 633 676 655 *
690 638 881 677 hymnorum
903 639 1033 671 modula
1059 641 1147 672 clara

299 678 456 721 Ange->lica
479 687 702 721 prompserum
717 681 738 702 '¹‘
752 687 904 716 nascente
929 685 1065 718 Domino
1090 696 1155 730 ora,

295 724 459 761 Uidelieet
481 730 592 768 paucis
606 727 747 763 *infusa
773 731 905 763 caelitus
933 732 1017 764 dona

297 772 489 809 Resumeret
513 777 674 809 terrestris
688 773 885 817 *pastorum
910 779 994 810 acies
1020 779 1098 813 visa.

239 852 270 884 2.
298 847 337 883 ln
360 854 470 883 vetere
490 853 553 884 iam
579 851 739 893 quidem*
756 853 945 893 hymnorum
970 853 1141 887 refulserat
1167 856 1256 895 ordo,

298 895 376 931 Cum
399 900 495 931 trium
522 909 580 933 ora
602 901 750 933 iuvenum
767 897 787 918 ³⁵
801 900 941 933 fornacis
966 901 1041 941 igne
1069 902 1193 934 devicto

298 942 473 986 Ueterique
495 948 581 986 patri
606 947 672 979 filio
687 945 785 980 *iam
809 951 886 980 ‘tunc
910 948 950 980 ab
976 948 1056 988 ipsis
1084 948 1233 981 adiuncto

299 989 513 1033 sumpserunt
536 995 687 1034 hymnum
712 996 840 1027 laudum
854 991 874 1012 '³‘
891 998 1083 1035 cunctorum,
1112 996 1176 1028 rite
1200 997 1283 1036 quod
1309 996 1405 1028 altum

300 1037 429 1080 Olympi
454 1041 554 1074 ambit
575 1042 723 1082 quodque
737 1038 933 1075 *terrenum
959 1043 1073 1075 circuit
1095 1052 1218 1084 gyrum.

242 1116 274 1149 3,
301 1112 396 1148 Beati
421 1118 487 1148 tam
513 1119 620 1149 coetus
636 1114 656 1135 ²¹⁴
671 1126 764 1156 quam
790 1120 906 1150 cuncta
931 1117 1086 1150 elementa
1112 1120 1220 1151 creata

299 1160 362 1196 Tot
386 1172 488 1205 sacra,
514 1167 563 1196 'tot
584 1161 691 1197 rara*
705 1165 931 1205 hymnizavere
955 1173 1095 1205 camena,

296 1208 438 1244 Adnunc
462 1212 548 1251 quod
573 1209 825 1244 celebratsstoto
850 1212 904 1251 pie
928 1212 1005 1245 orbe
1032 1211 1146 1244 diffusa

297 1255 410 1292 Nitens
436 1255 602 1292 ecclesia*
618 1259 724 1292 divino
750 1262 949 1292 sacramento
974 1260 1089 1292 locata.

240 1334 271 1365 4.
300 1330 507 1373 Tandemque
533 1337 566 1365 et
589 1330 930 1373 redempto1·*saorae
955 1342 1053 1365 cenae
1074 1336 1199 1373 tempus
1223 1334 1402 1374 adimplens

297 1376 421 1413 Eterno
447 1380 494 1412 sic
516 1381 603 1420 patri
627 1381 778 1421 hymnum
793 1379 813 1398 κ
827 1383 982 1413 concentu
1007 1381 1183 1421 apostolico
1208 1381 1334 1413 solvens

299 1424 445 1467 vestigia
469 1427 565 1460 beata
578 1424 598 1445 *
612 1429 764 1460 orationis
792 1437 887 1460 causa
913 1431 1103 1461 convertens

296 1471 387 1507 Exiit
410 1476 444 1506 in
469 1479 605 1507 montem
623 1472 642 1493 ’¹‘
658 1484 809 1507 coaevum
832 1484 965 1508 exorare
990 1478 1166 1515 parentem.

243 1552 275 1584 5.
301 1548 423 1584 Rector
444 1561 568 1592 quoque
592 1551 678 1592 fidei,
698 1549 718 1570 '¹‘
734 1553 854 1584 cunctis
879 1561 938 1592 per
963 1552 1069 1584 saecla
1093 1553 1256 1593 magister,

295 1596 459 1632 Admonet
484 1601 516 1630 et
537 1600 667 1639 Paulus,
687 1596 707 1617 ’¹‘
726 1603 762 1631 ub
785 1599 919 1639 psalmis,
942 1600 1110 1640 loquamur
1135 1604 1168 1632 et
1189 1600 1332 1640 hymnis;

297 1643 379 1680 Nam
403 1655 441 1678 ex
466 1646 528 1678 hoc
550 1644 896 1679 surrexit*sacratum
923 1648 1037 1687 dogma
1060 1647 1248 1687 hymnorum

295 1690 395 1726 Ilario
421 1703 535 1734 papae,
562 1695 732 1727 Ambrosio
747 1690 767 1713 ’²‘
783 1694 959 1734 ceterisque
983 1703 1072 1727 more
1096 1695 1248 1734 ipsorum,

239 1771 272 1802 6.
298 1767 355 1802 Ad
378 1770 508 1802 laudem
534 1770 674 1802 divinam
688 1767 707 1787 *
721 1770 909 1811 hymnorum
935 1770 983 1802 sie
1006 1770 1144 1802 condere
1169 1769 1290 1808 modos,

298 1814 392 1851 Nunc
415 1817 527 1849 laudes
552 1816 682 1850 Domini
707 1814 1017 1859 nuno*martyrum
1042 1826 1176 1849 narrare
1200 1817 1378 1857 triumphos

300 1861 496 1905 omnemque
521 1861 707 1897 caelibem*
723 1865 869 1897 derivare
894 1864 1024 1897 vocibus
1049 1874 1142 1897 sonos

298 1909 344 1945 Et
370 1912 477 1945 dulces
503 1908 673 1945 reddere*
689 1911 805 1944 factori
830 1913 968 1945 omnium
993 1913 1103 1947 melos,

239 1990 270 2022 ¹7.
295 1986 359 2022 Dei
384 1997 507 2020 summa
532 1988 634 2029 gloria
649 1985 752 2020 >’‘laus
779 1991 811 2020 et
834 1989 958 2021 laetitia
983 1990 1109 2021 constat

299 2033 338 2069 In
363 2035 424 2076 his,
452 2038 482 2068 et
507 2036 635 2068 trinitas
651 2034 843 2080 *laudatur‚
871 2037 1006 2068 ecclesia
1032 2036 1159 2076 fraglat,

295 2081 381 2117 Dum
406 2084 556 2124 hymnum
584 2084 728 2123 dicimus,
744 2081 764 2102 '³‘
779 2084 931 2116 honorem
959 2086 991 2115 et
1014 2084 1147 2124 gloriam
1175 2084 1295 2120 damuS,

297 2128 424 2165 Imnum
451 2132 526 2163 dum
552 2131 692 2163 canimus
707 2128 726 2149 *
742 2131 896 2163 ccclesiae
920 2133 994 2164 vota
1018 2133 1240 2173 monstramus,

299 2177 444 2213 Tandem
471 2181 503 2209 et
528 2179 666 2211 omnium
682 2175 701 2196 '¹‘
716 2181 811 2211 finem
835 2187 989 2211 noxarum
1015 2180 1170 2218 optamus

247 2263 314 2292 MT.
336 2279 373 2284 —-
396 2262 421 2298 1,
442 2262 462 2291 4
480 2264 613 2291 terrestri
633 2265 783 2299 pastomm
806 2263 878 2290 acie.
900 2277 937 2281 ——-
956 2261 983 2293 2,
1006 2260 1021 2289 1
1042 2261 1226 2289 refulserant.
1251 2273 1286 2277 —
1309 2257 1336 2292 2,
1358 2259 1377 2284 2
1396 2259 1472 2286 hora

152 2302 301 2330 iubenum.
323 2317 361 2321 —-
381 2300 407 2330 2.
429 2299 447 2329 3
474 2303 544 2328 tunc
570 2303 599 2328 et
622 2302 703 2337 ipsis.
731 2316 768 2321 —
796 2298 821 2333 2,
842 2299 863 2328 4
886 2300 1032 2335 laudium3
1064 2300 1125 2326 vite
1152 2298 1229 2332 quod
1254 2297 1324 2324 alto·
1344 2311 1384 2315 —
1403 2294 1429 2328 2,
1450 2294 1468 2324 5

153 2340 330 2377 Olimpiadis
358 2340 471 2369 ambitu
491 2339 627 2376 quodque
646 2341 754 2367 terreni
769 2339 909 2366 circuitus
923 2347 1006 2375 gyro.
1021 2351 1057 2356 —-
1072 2334 1099 2369 3,
1124 2335 1137 2363 1
1151 2335 1244 2362 Beato
1259 2336 1358 2362 tamen
1372 2336 1467 2363 coetui

154 2387 240 2415 quam
262 2382 366 2407 cuncto
388 2379 531 2407 elemento
552 2379 659 2405 creato.
690 2394 714 2397 —
737 2375 763 2413 3,
785 2374 803 2403 2
822 2376 1032 2412 hymnizabere
1052 2376 1115 2402 arte
1135 2380 1263 2401 camena.
1278 2387 1316 2391 —-
1330 2370 1357 2407 3,
1378 2369 1396 2400 3
1416 2381 1470 2413 per
