1650 2610
428 2176 483 2209 10.

747 131 997 165 -266—

499 232 549 265 Tu
574 239 606 261 es
631 228 789 265 sacerdos,
815 228 849 257 tu
873 225 1055 257 sacerdotes
1081 230 1180 262 creas,

500 277 551 310 Tu
572 276 784 316 principatum
810 272 906 304 sortis
930 272 1023 303 huius
1046 268 1182 303 floridae

500 324 607 356 Aaron
634 321 758 363 dedisti,
787 321 986 351 consecrator
1010 317 1130 357 inclite,

500 368 683 403 Perfusione
707 366 900 399 sacrosancti
925 366 1071 406 unguinis

498 416 541 449 Et
565 418 654 447 veste
675 418 786 446 sancta
810 414 928 444 cultum
954 413 1019 444 eius
1044 419 1251 453 praeparans,

501 472 641 505 Sublime
666 471 752 502 cuius
775 470 808 501 in
834 472 929 510 caput
953 467 1171 510 praemittitur

497 518 608 551 Nitens
634 518 716 549 olivo
741 518 847 557 mitra,
873 517 943 548 auri
967 516 1106 555 lamina3

499 565 586 597 Stola
613 565 745 604 decoris,
771 563 959 596 vestimento
983 562 1113 603 poderis

497 611 645 644 Ambitur
668 612 763 652 idem,
791 618 883 650 quem
907 612 1065 642 sacratum
1090 607 1216 640 nuntiat

497 660 655 697 Impressa
679 659 760 689 vesti
786 660 818 689 et
842 658 980 689 colorum
1007 656 1161 698 dignitas:

499 714 627 755 Comus,
652 715 831 756 iacynthuS‚
856 717 942 746 torta
963 715 1085 754 byssuS,
1109 720 1253 752 purpura

497 761 604 795 Cultus
629 762 726 794 dicati
750 760 967 802 praeferentes
992 761 1142 803 gloriam3

496 809 601 842 Vestis
625 812 769 841 sacratae
793 817 850 840 ora
871 808 1069 840 tintinabulis

495 855 599 888 Erant
623 864 752 888 corusca
776 856 838 888 rite
863 854 1123 895 dependentibus,

496 902 541 936 Ut
563 903 714 943 templum
737 903 860 934 intrans
885 903 1048 934 audiretur
1072 900 1226 940 pontifex.

498 958 657 991 Distincta
676 960 806 1000 gemmis
830 959 1032 997 pulchritudo
1056 958 1195 998 pectoris

496 1004 706 1045 Adfigebatur
729 1006 787 1037 sub
812 1004 921 1045 figuris
946 1006 1083 1045 optimis„

498 1053 688 1092 smaragdus
713 1053 788 1093 illic,
815 1052 951 1092 sardius,
978 1052 1131 1092 topazius,

497 1099 688 1138 Onychinus,
715 1100 933 1138 carbunculus,
957 1100 1101 1140 ligurius,

497 1146 683 1186 Sapphirus,
708 1147 807 1186 iaspis
831 1149 862 1177 et
885 1146 988 1177 nitens
1014 1145 1237 1184 chrysolithus.

467 1227 475 1235 .
501 1202 647 1242 Beryllus
671 1203 748 1235 inde
771 1211 827 1234 seu
851 1203 979 1234 achates
1004 1201 1119 1242 fulgidi

498 1250 576 1282 Cum
599 1250 774 1290 amethysto
799 1250 920 1281 ordinis
946 1250 995 1281 sui
1018 1250 1087 1281 loco

496 1296 716 1328 Distinctionis
739 1296 818 1328 iuris
842 1297 911 1327 illic
934 1297 1031 1337 positi

497 1342 625 1374 Dabant
649 1342 775 1375 futurae
799 1344 920 1382 gratiae
943 1343 1148 1383 signaculum,

497 1390 561 1428 Quo
586 1389 646 1420 hae
669 1389 788 1430 figurae
811 1391 992 1422 nuntiarent
1015 1394 1049 1423 te
1070 1390 1182 1424 Deum.

472 1471 477 1477 .
504 1444 605 1476 Huius
632 1446 755 1478 dicatae
779 1449 1009 1478 sacramentum
1035 1446 1156 1486 gratiae

502 1490 667 1531 Temptum
693 1501 751 1531 per
774 1492 902 1524 umbras
926 1493 1110 1525 transiendo
1135 1494 1254 1524 saeculi

503 1538 649 1570 Pervenit
674 1540 716 1571 ad
740 1543 781 1579 te,
808 1539 961 1571 liberator
983 1540 1128 1576 Domine,

503 1584 554 1624 Ut,
580 1594 660 1624 quae
683 1585 803 1626 figurae
826 1587 1054 1627 praecinebant
1077 1587 1240 1627 mysticae,

501 1631 666 1671 Completa
688 1633 722 1664 in
745 1636 779 1665 te
802 1634 920 1665 veritas
945 1635 1139 1666 ostenderet.

470 1714 476 1720 .
503 1687 587 1719 Hinc
611 1687 682 1720 finis
707 1690 777 1729 ipse
802 1690 879 1729 legis
910 1691 951 1722 ad
975 1690 1128 1722 iustitiam

500 1734 614 1767 Mundi
638 1739 760 1767 reatum
784 1737 967 1777 proximans
993 1739 1169 1777 detergere,

503 1781 633 1814 Oblatus
657 1784 727 1823 ipse
750 1787 794 1827 tu,
819 1784 953 1825 oblator,
982 1793 1170 1817 consecrans

502 1830 540 1861 In
564 1830 649 1869 patri
674 1840 730 1862 ara
755 1831 941 1863 collocatam
967 1833 1126 1864 victimam

504 1875 575 1908 Hoc
598 1881 793 1910 sacramento
819 1879 974 1911 suscitans
1000 1880 1174 1918 ecclesiam,

479 1958 485 1965 .
514 1931 619 1971 Caput
643 1935 692 1964 cui
716 1934 818 1966 factus
845 1938 876 1965 et
901 1936 1034 1968 ducator
1058 1937 1207 1978 praevius

509 1978 612 2010 Duces
636 1981 670 2011 in
693 1981 751 2012 illa
774 1983 998 2022 praesulesque
1024 1984 1191 2023 collocans,

509 2028 645 2063 Quorum
670 2032 798 2067 regatur
821 2028 1008 2062 instruenda
1031 2031 1164 2072 legibuS,

506 2071 551 2104 Ut
576 2074 700 2105 erudita
723 2074 826 2114 gratia
848 2076 1030 2114 pontificum

508 2119 617 2150 Vitare
640 2122 741 2159 possit
766 2122 881 2153 damna
904 2132 999 2156 saeva
1023 2127 1179 2157 mortium.

508 2175 593 2208 Hinc
616 2179 649 2207 te
672 2186 798 2217 corona,
820 2179 956 2220 Christe,
979 2179 1117 2213 fratrum
1137 2184 1290 2224 postulat,

510 2222 702 2255 Sacrationis
728 2226 814 2256 clara
838 2226 929 2258 huius
955 2230 1058 2267 gratia

508 2270 689 2303 Descendat
712 2272 745 2303 in
769 2272 829 2309 his,
857 2282 934 2312 quos
959 2273 1082 2308 futuros
1107 2278 1258 2319 praeligis

508 2318 574 2350 Uni
599 2319 761 2350 columbae
785 2318 1011 2359 praeferendos
1036 2323 1209 2364 principes,

508 2366 713 2404 Apostolatus
738 2367 870 2407 gloriam
895 2368 944 2399 his
968 2370 1144 2403 conferens
