1650 2610
372 1947 427 1980 10.

372 2195 426 2228 11.

681 131 938 167 —229—

418 250 425 257 .
451 225 550 258 Fiunt
575 227 709 259 virtutes
734 237 793 267 per
816 238 927 261 manus
953 228 1107 269 apostoli:

450 271 522 305 Duo
548 274 677 314 tribuni,
705 284 782 315 quos
810 277 905 308 draco
930 279 1157 318 prostraverat,

452 318 515 351 Seu
540 319 624 353 filius
649 321 832 355 sacrificans
858 323 1018 362 pontificis

452 366 700 407 Recuperabant
723 379 880 410 prospera
902 370 1061 403 libertatis

452 413 497 446 Et
519 415 661 447 reddunt
683 415 752 448 Deo
778 417 897 457 gratias
921 417 1135 450 multimodas.

417 496 424 502 .
450 471 488 504 In
513 471 618 503 locum
645 472 758 514 dirum,
785 482 846 514 quo
873 474 969 506 draco
997 476 1153 514 esteterat,

452 517 595 560 Benigne
618 520 722 560 iussit,
747 523 782 552 ut
807 521 925 553 vexilla
949 522 1115 560 collocent,

454 565 595 598 Virtutes
620 575 750 607 magnas
774 568 913 608 imperat
937 569 1119 608 acquirere3

453 611 543 644 Tunc
569 614 665 645 draco
690 615 770 654 ipse,
797 615 851 655 qui
876 619 1025 654 praeerat
1043 616 1177 656 saevius,

452 659 490 692 In
517 659 636 692 Christi
660 661 788 693 laudem
813 662 952 694 solitudo
975 666 1149 702 permanet.

419 740 426 747 .
450 713 515 746 Per
538 725 651 748 manus
675 718 780 749 sancti
802 718 947 757 Philippi
971 719 1108 758 apostoli

455 762 570 794 Omnes
597 763 715 795 delicta
738 765 933 803 paenitendo
957 764 1141 806 proferunt3

453 808 594 841 Suscitat
617 809 743 842 functos
770 815 803 842 et
828 814 916 843 curat
941 813 995 852 qui
1019 812 1191 853 morbidos,

453 856 497 889 Et
521 857 592 896 ipse
615 857 681 889 illis
705 861 830 899 tempus
855 867 1002 898 magnum
1026 860 1203 902 praedicat,

453 903 500 936 Ut
523 904 571 935 sic
595 905 637 937 acl
662 904 826 937 Christum
848 906 1059 946 spiritumque
1084 905 1217 941 deferat.

420 986 426 991 .
454 961 607 993 Auditum
632 961 711 993 fecit
735 962 864 994 Domini
887 964 1056 1003 magnalia,

454 1008 618 1046 Quomodo
642 1010 731 1041 venit
746 1010 933 1049 virgineque
957 1009 1088 1051 prodiit,

451 1056 490 1088 In
515 1056 632 1088 mundo
657 1056 718 1088 isto
743 1056 906 1088 miraculis
930 1057 1045 1088 claruit

450 1102 496 1135 Et
519 1105 594 1142 post
616 1103 650 1135 in
674 1102 769 1134 finem
795 1103 974 1143 passionem
999 1104 1149 1144 suscepit,

453 1149 534 1182 Inde
558 1158 725 1190 resurgens
751 1153 782 1182 et
807 1151 849 1183 ad
873 1151 980 1190 polum
1005 1151 1142 1185 rediens.

420 1232 427 1239 .
455 1205 533 1238 Post
556 1207 636 1238 haec
660 1206 771 1238 beatus
796 1210 890 1240 vocat
914 1208 955 1239 ad
980 1217 1015 1239 se
1039 1208 1185 1251 populos,

454 1253 585 1286 Levitas
610 1255 709 1293 iubet,
733 1256 915 1287 sacerdotes
940 1254 1020 1295 fieri,

454 1300 596 1333 Deorum
621 1301 741 1341 templa
764 1302 863 1333 nimia
885 1302 1049 1333 destruere

455 1347 735 1388 Ecclesiarumque
759 1355 871 1381 sancta
896 1349 1027 1389 erigere,

455 1394 696 1428 Haereticorum
723 1396 763 1428 de
788 1404 896 1428 errore
921 1397 1037 1428 redire.

421 1479 428 1485 .
455 1451 506 1484 Ex
531 1454 608 1484 tunc
632 1452 674 1484 ad
699 1452 802 1484 Deum
826 1453 931 1484 emisit
959 1452 1119 1492 “spiritum

455 1498 500 1531 Et
525 1499 607 1531 duae
632 1500 698 1531 eius
723 1500 863 1540 virgines
889 1502 920 1530 et
943 1499 1039 1538 filiae,

454 1546 545 1579 Haec
569 1547 641 1579 luce
665 1549 795 1587 saeptus
820 1546 915 1579 scivit
936 1547 1154 1587 inspiramine,

454 1593 613 1626 Humatur
637 1603 760 1634 quoque
784 1594 957 1635 sepulcrali
980 1593 1108 1634 lumine,

452 1641 504 1674 Ibi
528 1643 690 1682 provisum
714 1642 777 1673 Dei
802 1644 909 1674 manet
931 1642 1062 1682 gloriae.

455 1698 503 1731 Te
528 1707 704 1740 exoramus,
731 1702 841 1730 sancte
866 1698 987 1730 Christi
1011 1697 1148 1737 Domini,

456 1746 504 1780 Ut
527 1746 581 1777 hic
603 1749 757 1786 patronus
781 1747 974 1778 intercessor
998 1745 1175 1787 praemices

454 1793 518 1826 Pro
545 1794 666 1825 cunctis
691 1794 803 1834 servis,
831 1792 1028 1826 Christianos
1053 1792 1196 1834 adiuves,

453 1840 501 1874 Ut
523 1841 558 1872 in
581 1841 642 1873 hoc
665 1841 784 1873 mundo
808 1840 942 1873 tutelam
966 1839 1119 1872 adhibeas

455 1887 498 1921 Et
522 1889 557 1920 in
581 1888 744 1928 praesenti
767 1888 909 1929 requiem
933 1888 1127 1920 adcumules.

454 1945 623 1985 Recipiant
647 1947 684 1978 ut
708 1944 809 1977 functi
833 1954 940 1978 omnes
965 1946 1099 1985 veniam,

458 1994 601 2032 Quietem
626 1994 714 2033 pacis
739 1996 771 2024 et
794 1994 999 2033 tranquillam
1022 1992 1168 2034 gratiam,

455 2040 510 2081 Et,
534 2041 589 2081 qui
608 2041 692 2074 hanc
713 2041 842 2074 laudem
865 2041 1018 2083 condidit,
1043 2040 1246 2079 libertatem,

456 2088 520 2121 Per
542 2088 751 2121 intercessum
774 2089 936 2129 precantis
958 2088 1096 2129 apostoli

457 2136 506 2169 Sit
530 2137 698 2169 exauditor
721 2138 811 2169 Iesus
838 2136 982 2170 Christus
1009 2136 1174 2169 Dominus.

453 2193 503 2226 Sit
526 2194 595 2225 laus
620 2193 716 2234 patri,
742 2194 897 2234 potentia,
926 2194 1028 2225 deitas

456 2241 506 2274 Sit
529 2240 594 2273 filio
617 2242 768 2274 scientiae
792 2242 825 2274 in
848 2241 1009 2282 laudibus,

458 2289 530 2324 Sint
553 2289 709 2330 paraclito
735 2290 930 2330 sempiterna
956 2288 1097 2321 carmina

454 2337 685 2378 Essentiaeque
708 2337 847 2370 indivisa
871 2337 973 2378 gloria

453 2387 490 2419 In
518 2386 603 2418 omni
628 2394 706 2418 aevo
730 2394 790 2426 per
815 2388 947 2418 aeterna
971 2382 1109 2417 saecula.
