1650 2610
741 159 789 167 .-
838 139 881 177 ¹71
931 160 977 166 .-

548 230 591 265 14.
621 233 714 267 Feria
734 234 765 266 4.
785 236 856 275 post
876 235 939 268 Oct.
958 233 1163 276 Epiphaniae.

767 304 802 333 In
821 303 982 334 Laudibus.

219 360 250 393 1.
277 360 375 400 Deus,
400 363 494 401 pater
522 362 663 401 ingenite
904 363 935 396 3.
961 362 1015 394 Ad
1040 363 1072 394 te
1097 361 1304 401 suspiranteS,
1330 361 1430 405 Deus,

277 407 324 440 Et
346 406 394 439 fili
417 408 589 451 unigenite,
960 409 1022 441 Vel
1045 411 1119 441 vota
1143 409 1401 449 supplicantium,

278 455 362 494 Quos
386 455 541 488 trinitatis
565 456 671 488 unitas
961 457 1022 489 Vel
1047 457 1144 488 corda
1170 455 1385 488 confitentium

278 502 395 535 Sancto
422 504 559 535 conectit
586 504 711 543 spiritu.
961 503 1092 545 Semper
1115 503 1269 543 benignus
1298 503 1415 543 aspice.

220 560 252 591 2.
278 558 325 591 Te
350 557 471 591 frustra
493 559 598 591 nullus
623 560 759 603 invocat,
902 562 933 594 4.
960 560 1027 593 Nos
1051 560 1131 592 lucis
1157 562 1245 592 ortus
1270 560 1420 592 admonet

277 605 347 637 Nec
371 606 470 638 cassis
494 615 633 646 unquam
656 606 788 640 vocibus
960 607 1074 640 Grates
1101 605 1229 640 deferre
1254 607 1388 648 debitas,

276 653 412 685 Am0.tor
434 653 482 684 tui
505 654 634 685 luminis
959 654 1096 695 Tibique
1119 655 1231 687 laudes
1258 656 1374 697 dicere,

275 700 330 732 Ad
356 701 476 732 caelum
503 701 624 734 vultum
650 700 752 740 erigit.
959 701 1051 741 Quod
1071 711 1134 734 nox
1159 701 1294 734 obscura
1318 701 1483 743 praeterit.

547 758 579 790 5.
603 757 699 789 Diem
721 765 890 798 precamur
918 754 978 801 [te]
1003 758 1130 799 bonum,

603 804 650 837 Ut
671 806 808 845 nostros,
835 805 986 848 salvator,
1012 807 1101 837 actus

603 851 795 884 Sinceritate
818 852 944 892 perpeti

602 898 679 931 Pius
704 898 841 940 benigne
864 899 1016 933 instruaS.

280 955 317 982 X.
340 968 376 973 —
398 952 423 988 1,
447 952 465 980 2
486 953 551 981 filii.
565 969 601 973 —-
617 953 642 989 1,
662 952 683 982 4
701 955 829 991 spiritui.
843 966 879 973 —-⁴
894 953 921 988 3,
944 953 959 982 1
972 955 1013 982 Et.
1026 957 1054 982 te
1068 956 1272 990 suspirantem.
1289 967 1325 972 —
1345 952 1399 981 Als
1415 953 1513 981 Dexo-

203 991 296 1028 logie:
317 992 381 1020 Deo
407 993 486 1028 patri
512 994 553 1020 sit
575 993 671 1029 gloria
694 994 747 1019 etc.
768 1006 806 1011 —-
827 992 883 1020 Cfr.
904 993 1004 1029 Migne
1025 990 1070 1026 86,
1091 990 1156 1020 201.
1188 992 1363 1019 Thomasius
1382 991 1421 1024 Π,
1441 989 1512 1026 4Ο9;

204 1029 346 1057 Abdruck
366 1038 418 1058 aus
438 1031 467 1057 X
480 1033 565 1058 unter
578 1031 771 1067 Beseitigung
784 1030 835 1058 der
847 1029 865 1057 2
880 1033 976 1058 ersten
988 1031 1160 1059 Varianten.
1193 1030 1309 1057 Dal-aus
1319 1028 1428 1056 Daniel
1447 1029 1471 1063 1,
1486 1027 1513 1056 2.

203 1067 325 1133 Βεξιὲθξς
346 1068 397 1133 {gs
418 1068 486 1095 heil.
507 1068 643 1096 Hilarius
664 1068 709 1097 als
730 1068 925 1104 angeblichen
943 1068 1111 1096 Verfassers
1131 1068 1225 1096 dieses
1246 1068 1382 1102 Hymnus
1404 1074 1426 1093 s.
1440 1067 1514 1094 Vor-

203 1114 248 1132 WO
320 1125 325 1131 ·
386 1126 393 1132 .

547 1188 589 1221 15.
621 1189 715 1220 Feria
736 1190 762 1221 5.
784 1190 855 1231 post
875 1189 938 1222 Oct.
958 1187 1163 1230 Epiphaniae.

748 1256 784 1286 In
802 1256 965 1287 Laudibus.

219 1315 249 1346 1.
276 1314 313 1345 In
339 1314 502 1346 matutinis
527 1315 683 1355 surgimus
901 1318 932 1349 3.
959 1315 1090 1348 Oremus
1116 1315 1218 1347 Deum
1242 1314 1368 1355 iugiter,

276 1361 321 1393 Et,
343 1361 413 1393 Deo
438 1361 551 1394 laudes
576 1362 711 1394 dicimus
959 1362 1131 1394 Vincamus
1154 1361 1188 1393 in
1213 1361 1295 1393 bono
1319 1362 1438 1393 malum

277 1408 404 1441 Christo
430 1409 567 1449 Iesuque
590 1409 726 1442 Domino
960 1409 1038 1442 Cum
1063 1408 1169 1441 fructu
1193 1408 1408 1449 paenitentiae

275 1456 313 1487 In
337 1456 461 1489 unitate
484 1456 614 1497 gloriae.
958 1455 1077 1489 Votum
1102 1464 1243 1498 perenne
1269 1455 1417 1489 reddere.

217 1514 248 1545 2.
277 1512 380 1545 Choro
405 1515 586 1545 sanctorum
611 1512 788 1555 psallimus,
900 1516 932 1548 4.
961 1513 1122 1546 Christum
1149 1521 1295 1553 rogemus
1321 1516 1353 1545 et
1377 1514 1512 1554 patrem,

276 1560 422 1592 Cervices
445 1563 571 1593 nostras
595 1559 750 1593 flectimus
961 1560 1081 1594 Christi
1104 1560 1269 1601 patrisque
1294 1560 1452 1601 spiritum,

274 1608 320 1640 Et
343 1616 446 1647 genua
469 1609 710 1648 prosternimuS,
959 1608 1007 1641 Ut
1031 1608 1087 1641 det
1109 1609 1201 1641 nobis
1227 1608 1391 1648 auxilium,

274 1656 412 1688 Peccata
434 1658 545 1688 nostra
567 1657 748 1696 pandimus
958 1656 1110 1697 Repellat
1133 1656 1255 1688 hostem
1279 1655 1433 1688 invidum.

278 1710 348 1746 MT3
373 1711 410 1738 X.
432 1724 470 1730 —-
491 1709 520 1745 1,
542 1709 560 1738 2
580 1719 623 1747 sq.
648 1711 812 1740 Reddentes
832 1710 934 1739 laudes
955 1710 1068 1739 debitas
1089 1711 1152 1739 Deo
1172 1710 1298 1747 Iesuque
1316 1711 1353 1738 X.
1373 1725 1413 1730 —-
1440 1709 1469 1745 1,
1494 1710 1514 1739 4

203 1749 347 1776 unitatem
367 1749 404 1776 X.
426 1762 463 1768 --
483 1746 510 1782 2,
533 1747 548 1776 1
570 1748 744 1777 Sanctorum
763 1749 851 1777 choro
872 1750 909 1777 X.
930 1765 968 1768 —
988 1747 1014 1783 2,
1035 1746 1053 1777 3
1072 1748 1146 1776 fehlt
1157 1748 1194 1776 X.
1208 1764 1247 1769 —
1269 1747 1295 1782 3,
1313 1747 1327 1776 1
1341 1750 1405 1777 Deo
1425 1749 1462 1776 X.
1477 1764 1514 1768 ——

203 1784 230 1819 4,
253 1784 271 1812 2
292 1785 460 1822 Christique
478 1788 571 1822 patris
592 1787 628 1814 X.
649 1803 686 1807 —-
706 1785 733 1821 4,
754 1785 773 1815 4
791 1786 833 1815 Et
845 1786 970 1824 repellat
982 1787 1019 1814 X.
1036 1801 1074 1806 -—
1087 1787 1266 1823 Doxologie:
1285 1787 1417 1815 Praesta.
1442 1787 1512 1823 MT;

202 1824 267 1851 Deo
288 1825 366 1860 patri
387 1826 427 1852 sit
446 1824 541 1860 gloria
561 1827 615 1852 etc.
634 1825 671 1853 X.

282 1862 338 1890 Cfr.
357 1862 461 1899 Migne
486 1860 532 1898 86,
559 1860 615 1891 205
640 1862 697 1898 (bis
710 1861 738 1897 2,
760 1861 776 1891 1
790 1863 859 1891 incl.
872 1863 948 1892 nach
960 1864 997 1899 X,
1020 1864 1098 1891 dann
1113 1878 1149 1882 —
1163 1871 1390 1900 ausgenommen
1403 1861 1429 1898 4,
1443 1862 1463 1891 4
1477 1879 1512 1883 —

203 1900 279 1927 nach
294 1898 378 1936 MT);
391 1902 568 1929 Thomasius
581 1902 620 1936 H,
637 1899 693 1930 409
706 1900 844 1937 (genauer
854 1902 993 1930 Abdruck
1006 1910 1065 1930 von
1077 1900 1116 1937 X)
1129 1901 1189 1929 und
1203 1902 1310 1930 daraus
1322 1901 1431 1930 Daniel
1443 1902 1467 1936 I,
1482 1900 1510 1938 33

204 1938 298 1966 Neale
322 1936 360 1966 40
382 1938 467 1974 (nach
487 1940 673 1976 Lorenzana3
702 1941 784 1968 seine
802 1939 993 1976 Anmerkung
1018 1949 1057 1968 zu
1076 1940 1135 1976 „Et
1153 1949 1251 1977 genua
1269 1938 1511 1977 prosternimus“:

203 1976 253 2003 Ita
271 1986 288 2004 e
307 1978 477 2005 coniectura.
495 1978 572 2012 dedi,
591 1978 640 2006 die
660 1978 769 2006 Daniel
786 1978 844 2012 IV,
867 1976 904 2007 36
925 1987 962 2005 zu
982 1980 1079 2007 einem
1099 1980 1222 2015 eigeuen
1240 1978 1391 2015 Nachtrag
1410 1987 1513 2006 veran-

203 2014 305 2049 lasste,
333 2017 497 2051 entspringt
518 2018 612 2044 einem
636 2015 779 2052 Irrtume).
819 2016 965 2045 Grundlos
997 2017 1127 2045 schreibt
1146 2017 1253 2045 Daniel
1277 2017 1338 2045 und
1357 2016 1433 2045 nach
1453 2016 1513 2044 ihm

204 2052 360 2081 Chevalier
380 2054 480 2082 diesen
499 2054 634 2090 Hymnus
654 2056 719 2083 dem
739 2055 809 2083 heil.
829 2055 963 2083 Hilarius
984 2065 1034 2092 zu;
1056 2063 1079 2082 s.
1098 2055 1236 2083 Vorwort
1255 2055 1285 2083 S.
1305 2053 1343 2082 49
1363 2055 1392 2083 ff.

554 2146 593 2180 16.
623 2147 783 2180 Dominica
802 2147 825 2180 1.
846 2149 917 2189 post
936 2147 1155 2189 Epiphaniam.

743 2216 782 2247 In
800 2216 963 2248 Laudibus.

217 2276 248 2310 1.
274 2274 435 2311 Altissimi
460 2276 592 2309 verbum
617 2277 719 2317 patris
899 2277 932 2313 2.
957 2273 1103 2310 Decursa
1126 2274 1243 2308 transit
1265 2275 1328 2307 iam
1355 2274 1433 2313 dies,

272 2322 463 2366 Almaeque,
489 2324 572 2364 Iesu,
597 2325 742 2366 virginis,
959 2321 1080 2358 Emitte
1104 2324 1211 2355 lumen
1237 2322 1368 2354 caelitus

274 2369 332 2406 Bis
357 2376 466 2406 nostro
491 2376 585 2405 natus
610 2372 726 2414 gaudio
959 2370 1149 2411 Favensque
1173 2370 1276 2402 laetus
1300 2369 1429 2410 vesperi

275 2418 450 2462 Carnisque
473 2420 579 2454 factor
603 2427 635 2453 et
660 2430 744 2456 carc.
961 2417 1075 2455 Grates
1100 2419 1236 2459 benigne
1260 2418 1395 2459 respice.
