1650 2610
314 949 332 980 κ]

284 1686 338 1719 10.

283 1934 338 1966 11.

280 2181 335 2214 12.

668 136 706 140 -—
761 116 924 152 239—

338 235 345 242 .
371 210 456 243 Hinc
478 212 712 253 principantem
737 213 883 254 plebibus
909 212 1134 251 Chromatium,

369 258 586 294 Nicostratum
612 262 663 293 vel
690 261 855 294 Claudium
880 261 930 293 vel
957 260 1118 294 Castulum

369 305 439 338 Nee
460 316 523 339 non
547 311 578 339 et
602 308 674 347 Zoe,
701 309 795 341 simul
820 312 850 340 et
876 308 1051 342 Castorium

370 354 519 387 Athletas
545 354 623 387 fecit
649 355 779 397 Christi,
804 356 866 388 Dei
890 354 958 393 filii,

370 401 460 440 Quod
485 401 706 435 incunctanter
731 402 912 443 perferrent
935 402 1132 444 martyrium.

338 484 345 491 .
374 458 435 497 Qui
459 459 599 491 innovati
624 459 756 492 salutari
780 460 908 492 lavacro

371 505 477 545 Signis
502 510 679 546 coruscant,
703 507 873 539 virtutibus
898 506 1043 545 emicant,

372 551 453 584 Nam
480 553 638 592 quendam
663 554 788 594 lapsum
813 553 969 594 quassatis
995 554 1055 585 iam
1081 551 1275 584 membribus

372 600 544 632 Restaurat
568 610 662 632 orans
685 601 761 633 ilico
785 601 960 640 TiburtiuS,

369 649 466 686 Quem
493 655 562 678 cum
587 651 735 687 parentes
763 648 888 680 Christo
913 656 1025 679 munus
1051 646 1175 678 obtulit.

342 727 349 734 .
375 702 461 735 Hine
485 703 534 734 vir
557 703 684 736 illuster
708 705 820 735 merito
847 704 1045 736 Chromatius

370 750 485 789 Sprcto
511 748 648 790 profano
675 751 760 782 cultu
784 751 954 782 idolatriae

371 796 561 829 Adhaerens
588 800 694 829 castae
721 798 909 837 disciplinae
932 796 1009 829 fidei

374 844 482 876 Nexus
510 844 657 876 dissolvit
682 843 869 877 famulorum
895 845 1005 883 libere,

370 890 560 931 Mancipans
586 890 723 929 Christo,
750 901 827 933 quos
851 892 921 923 iure
945 890 1135 931 possideret.

342 972 347 979 .
373 948 453 980 Mox
476 956 511 980 se
536 949 685 980 devotum
710 948 864 981 exhibens
889 949 1041 980 altissimo

371 995 513 1035 Reliquit
539 998 653 1027 cuncta
678 996 787 1029 mundi
812 996 1006 1035 transitoria,

371 1042 532 1074 Adhaesit
553 1045 660 1074 mente
685 1043 802 1075 divinis
828 1042 997 1083 obsequiis,

369 1090 485 1121 Studet
510 1090 644 1130 implere
668 1090 772 1122 indita
796 1090 935 1130 oracula,

370 1137 488 1168 Forum
517 1137 655 1177 espernit.
681 1140 710 1168 et
736 1141 889 1169 secretum
917 1137 1049 1177 appetit.

339 1220 345 1225 .
372 1193 457 1226 Huic
482 1195 611 1226 caterva
635 1194 788 1226 adhaeret
816 1193 1011 1225 credentium

372 1239 524 1273 Per-ferre
548 1242 673 1281 pondus
699 1241 849 1281 nequiens
875 1241 1030 1280 martyrii,

373 1290 450 1321 Cum
475 1288 589 1328 quibus
613 1288 698 1320 idem
723 1289 756 1320 in
782 1290 942 1327 Campano
965 1288 1059 1319 litore

372 1335 593 1368 coenobialem
621 1336 717 1367 vitam
742 1336 824 1376 gerit
851 1335 997 1375 digniter,

368 1382 437 1414 Deo
461 1392 496 1414 se
519 1383 612 1414 simul
640 1383 744 1415 cuncti
769 1385 907 1415 mactant
933 1382 1077 1414 hostiam.

340 1464 347 1471 .
374 1439 598 1471 Romuleorum
622 1440 784 1479 principes
810 1438 958 1479 sacrilegi

368 1486 420 1518 Ad
447 1486 527 1518 haec
551 1486 699 1518 commoti
723 1486 850 1527 gravius
873 1485 1062 1517 desaeviunt

368 1534 414 1566 Et
440 1542 590 1566 exarsere
614 1535 784 1574 furoreque
808 1533 921 1565 rabido

368 1582 404 1614 In
430 1581 650 1621 persequendo
672 1581 792 1614 Christi
815 1583 913 1613 testes
937 1580 1025 1618 fidei,

366 1629 521 1661 Libamen
546 1638 669 1668 quoque
695 1629 755 1660 diis
780 1629 903 1660 nollent
927 1627 1044 1660 exhibi.

365 1686 456 1717 Tunc
480 1694 566 1724 papa
589 1685 677 1716 urbis
704 1688 875 1717 convocato
900 1683 1024 1724 agmine

371 1732 607 1765 Catholieorum
632 1741 739 1763 secum
765 1732 993 1764 remanentium

369 1780 527 1819 Quosdam
554 1788 593 1811 ex
617 1779 681 1811 illis
708 1783 871 1811 consecrat
893 1778 1110 1818 presbyteros,

370 1827 530 1867 Quosdam
555 1827 689 1859 honorat
717 1827 831 1859 decore
855 1826 993 1866 levitico,

371 1874 500 1907 Ceteros
527 1883 635 1906 omnes
661 1873 737 1906 feeit
762 1874 982 1907 subdiacones

366 1932 548 1965 Sebastiani
573 1931 713 1964 auctoris
740 1931 859 1964 ”studio

368 1980 513 2013 Omnium
541 1979 653 2012 horum
678 1984 801 2012 armata
826 1977 981 2012 confessio

367 2028 421 2060 Ad
444 2027 626 2067 passionem
649 2028 779 2067 prosilit
800 2027 974 2067 intrepida,

368 2075 451 2108 Nam
475 2076 540 2108 Zoe
564 2076 681 2108 victrix
706 2076 811 2115 prima
835 2075 913 2108 vicit
938 2074 1102 2114 dimicans,

366 2123 454 2155 Hinc
477 2123 717 2163 Tranquillinus
743 2123 919 2163 triumphat
944 2122 1078 2155 felicius.

362 2180 489 2213 Deinde
514 2179 607 2212 simul
634 2179 795 2220 Claudius,
822 2180 1034 2220 Nicostratus,

368 2228 483 2261 Castor
508 2227 681 2268 Victorque
705 2237 769 2260 una
794 2237 861 2260 eum
888 2226 1076 2267 Sempronio

364 2276 464 2308 Sacra
489 2278 676 2317 quaerentes
703 2285 837 2317 corpora
862 2284 921 2317 per
945 2276 1043 2308 litora

364 2324 476 2357 Subito
506 2325 592 2364 capti
617 2324 657 2355 ab
682 2324 908 2357 insidiantibus

364 2372 440 2405 Salo
463 2372 606 2404 immersi
630 2381 688 2412 pro
716 2372 841 2405 Christo
866 2371 1007 2403 inrnersi
1033 2372 1116 2403 sunt.
