1650 2610
676 109 934 144 —129—

188 201 220 233 9.
246 200 778 238 NammontisAetnaeincendium
850 207 904 239 12.
931 205 1018 244 Quae
1042 203 1118 235 olim
1142 203 1287 235 concives
1312 205 1382 235 tuos

245 247 348 280 Cursu
372 249 444 281 dum
472 252 676 290 rapidissimo
930 252 1048 293 Magno
1075 250 1115 282 ab
1140 250 1213 291 igne
1238 250 1334 293 eruis,

245 295 300 327 Ad
323 295 435 328 urbem
460 306 596 338 pronum
621 298 769 344 flectitur,
930 300 981 332 Tu
1004 298 1106 331 redde
1129 306 1186 330 nos
1211 298 1275 330 iam
1298 297 1417 330 liberos

247 341 355 375 Glaret
379 345 509 384 puellae
532 347 689 381 meritum.
931 347 1008 387 Iugo
1034 349 1154 377 remoto
1178 346 1326 384 pessimo.

166 407 221 441 10.
249 408 339 441 Tunc
365 418 382 441 e
407 412 554 451 sepulcro
579 413 731 453 martyris
851 414 906 447 13.
934 412 983 445 Sit
1006 411 1124 444 functis
1150 413 1182 442 et
1205 410 1354 443 fidelibus

247 456 344 489 Plebs
358 466 483 490 sacrum
498 460 603 491 velum
621 458 778 500 deferens,
933 460 1036 492 Locus
1062 459 1187 499 quietae
1211 459 1368 498 placidus,

247 504 344 537 Cuius
369 505 424 544 pia
448 507 632 546 praesentia
932 507 1077 539 Tutelam
1102 509 1231 545 praesta
1263 505 1415 545 orphanis

245 550 433 592 Exstinguit
454 561 530 585 mox
553 553 712 588 incendia.
934 554 1180 593 Subsidiumque
1209 553 1324 585 viduis.

170 617 226 652 11.
251 617 321 649 Iam
344 618 436 658 virgo
459 627 543 651 nunc
565 619 766 651 sanctissima
852 620 906 652 14.
933 620 1077 660 Praesta,
1102 622 1195 659 pater
1219 618 1372 659 piissime,

247 664 340 696 Plebi
363 663 455 696 fideli
478 674 618 706 proroga
934 667 1084 705 Patrique
1110 675 1237 705 compar
1260 666 1363 708 unice,

246 712 452 744 Peccatorum
477 712 708 753 indulgentiam
936 713 1014 745 Cum
1039 714 1154 753 spiritu
1178 714 1334 753 paraclito

245 758 339 791 Pacis
364 759 532 792 reddendo
557 759 732 792 commoda.
934 760 1082 800 Regnans
1106 769 1166 801 per
1183 769 1274 792 omne
1291 761 1462 795 saeculum.

228 843 265 871 X.
286 857 324 862 —
344 841 371 877 2,
393 841 411 870 2
431 843 505 871 Fide
525 845 555 870 et
573 843 662 871 clara.
682 857 719 861 —
739 841 767 878 3,
785 841 805 870 4
824 844 856 870 in
876 844 975 870 immo.
995 857 1033 861 —
1053 840 1080 875 4,
1101 841 1119 869 2
1138 844 1266 871 territur.
1284 857 1324 862 --
1340 841 1366 876 5,
1388 842 1403 870 1
1424 843 1466 871 ΤΘ

152 890 239 909 nune,
260 895 297 900 —
319 879 346 917 5,
361 877 379 909 3
398 881 531 909 Pectoris
554 880 675 917 papilla.
696 895 734 899 —
753 880 815 908 Vor
835 880 892 908 Str.
914 878 931 907 6
949 880 1063 908 schiebt
1076 880 1105 907 X
1125 882 1185 908 ein:
1206 880 1313 908 Reddit
1325 889 1364 916 pa
1384 881 1465 908 illam

148 920 292 955 integram
309 919 456 955 Curatque
473 920 572 947 omnia
590 918 722 953 vulnera,
743 926 804 946 was
825 917 851 952 6,
872 916 891 947 3
905 926 918 944 s
942 938 947 944 .
968 918 1140 946 wiederholt
1151 918 1232 945 wird.
1290 933 1291 936 =
1311 916 1337 951 6,
1395 919 1465 946 Dis-

148 958 238 993 rupit,
256 971 297 975 —
315 956 343 991 Ἴ,
358 954 377 984 2
398 957 512 993 adepta.
524 971 565 976 —
582 956 610 991 7,
623 955 644 985 4
661 957 818 993 Fuditque.
831 972 870 976 —
885 954 911 990 8,
965 957 1173 992 pronuncians.
1186 970 1223 974 —
1238 954 1264 989 9,
1280 955 1296 983 1
1319 956 1415 983 ethne.
1427 969 1465 975 --

150 993 181 1030 9,
203 993 221 1023 3
248 1003 367 1031 pronus.
395 1011 431 1014 —
462 994 511 1029 11,
532 993 553 1022 4
579 994 715 1022 redendo.
735 1009 772 1014 -—
803 992 851 1029 13,
875 993 890 1022 1
911 993 959 1021 Sit
982 995 1094 1021 cunctis
1120 995 1160 1021 sit
1183 993 1327 1021 fidelibus.
1409 993 1465 1021 Cfr.

148 1033 251 1070 Migne
277 1030 329 1067 86,
360 1030 432 1060 1091
458 1041 507 1069 sq;
532 1032 673 1060 Abdruck
699 1040 752 1060 aus
774 1032 801 1058 X
825 1033 859 1059 in
883 1032 958 1059 Acta
978 1031 1029 1060 SS.
1049 1031 1119 1059 Feb.
1141 1033 1167 1064 Ι,
1189 1029 1258 1064 596;
1286 1032 1392 1059 daraus
1417 1032 1466 1059 bei

149 1070 245 1099 Morel
264 1079 292 1106 p.
324 1068 388 1099 191.
413 1085 453 1090 —
477 1071 584 1099 Dieser
602 1071 737 1106 Hymnus
766 1070 807 1098 ist
826 1069 1084 1107 augenscheinlich
1112 1071 1177 1097 eine
1198 1070 1396 1106 Bearbeitung
1415 1070 1465 1096 des

151 1108 423 1145 vorhergehenden5
445 1109 482 1137 ob
502 1117 561 1136 von
581 1109 682 1137 Ortiz?

592 1240 640 1271 90.
670 1239 705 1271 ln
725 1239 854 1271 sanctae
873 1237 1028 1278 Agathac,

695 1316 729 1346 In
749 1315 911 1346 Laudibus.

374 1385 404 1418 1.
431 1386 563 1418 Festum
589 1385 714 1426 insigne
737 1385 862 1425 prodiit
886 1393 1060 1427 coruscum,

428 1434 531 1466 Voces
555 1433 589 1465 in
614 1433 687 1465 aula
712 1434 861 1465 resonent
879 1435 1064 1464 cunctorum

427 1481 496 1514 Deo
523 1481 640 1522 dicata,
665 1480 759 1520 plebs
782 1480 911 1512 alumna
935 1482 1013 1520 tota,

570 1528 707 1561 Pandite
729 1529 813 1561 vota.

372 1597 405 1630 2.
430 1596 521 1628 Haec
544 1595 634 1636 virgo
659 1597 769 1627 sancta
794 1594 997 1634 germineque
1023 1592 1110 1625 clara

430 1642 556 1675 Saeculi
583 1644 697 1674 cuncta
722 1641 845 1683 respuit
870 1641 1001 1681 caduca,

430 1690 592 1724 Christum
617 1692 727 1721 secuta
750 1688 867 1721 acriori
889 1696 1013 1728 poenae

572 1736 725 1768 Subdidit
752 1735 905 1767 membra.

378 1805 409 1837 3.
434 1804 536 1836 Iudex
559 1802 685 1843 iniquus
708 1802 778 1842 ipse
802 1802 991 1841 Quintianus

431 1850 596 1892 Virginem
623 1852 766 1882 sanctam
791 1849 949 1889 Agatham
977 1857 1047 1880 cum
1073 1847 1163 1891 Vidi‘ss

431 1899 551 1931 Decem
576 1897 723 1938 malignis
748 1896 874 1929 feminis
901 1896 1044 1929 obscenis

575 1945 676 1978 Tradi
700 1944 876 1985 praecepit.

375 2015 410 2047 4.
435 2013 535 2052 Quam
561 2022 633 2044 cum
655 2011 822 2055 vidissent,
848 2010 1058 2043 blandiuntur
1082 2009 1207 2042 verbis:

434 2060 520 2094 Audi
545 2062 751 2100 praeceptum
776 2058 891 2091 iudicis
916 2057 1083 2101 monentis,

433 2109 545 2141 Adora
571 2108 647 2141 deos
672 2110 705 2139 et
728 2108 854 2140 lucrare
877 2107 987 2147 vitam,

574 2155 724 2188 Praemia
746 2155 857 2189 multa.

377 2225 408 2257 5.
435 2223 500 2256 Sed
525 2221 590 2254 fide
614 2223 711 2262 plena
734 2220 852 2254 nobilis
876 2221 985 2262 puella

431 2272 588 2304 Exsecrat
615 2273 728 2302 cuncta
752 2270 927 2303 vanitatum
953 2268 1054 2301 verba

434 2319 593 2361 Spemque
619 2316 755 2350 defixam
780 2317 899 2350 retinet
921 2316 952 2348 in
980 2315 1108 2349 Christo

576 2366 735 2407 Spemque
758 2365 920 2400 invictam.

210 2431 326 2456 Biume.
347 2428 482 2458 Hymnodia
495 2426 588 2451 Getica.
1284 2415 1302 2444 9
