1650 2610
701 123 960 161 -121—

189 219 220 251 3.
245 217 363 260 Mater,
390 229 470 260 quae
494 220 597 253 virum
621 222 735 263 renuit,

246 265 365 308 Mater,
391 276 472 308 quae
490 268 650 302 Christum
675 270 800 310 meruit,

250 314 348 354 Virgo
376 318 450 347 ante
473 320 601 356 partum
626 326 707 357 quae
730 316 801 357 fuit,

247 361 348 402 Virgo
373 366 447 401 post
470 367 597 403 partum
623 364 746 398 claruit.

189 419 223 452 4.
248 418 317 450 Iam
331 418 487 460 Christus,
502 417 574 464 (de)
586 421 656 453 Deo
668 422 802 461 genitus,

251 465 323 497 Non
348 470 476 506 raptum
500 466 619 500 faciens
644 468 723 512 Deo,

248 512 399 546 Formam
425 515 509 548 servi
533 516 708 556 suscipiens

251 560 345 594 Servi
371 570 485 602 corpus
508 562 652 594 inseruit.

190 618 220 650 5.
248 617 318 649 Nec
341 617 459 650 fessum
485 618 582 659 fregit
605 619 737 659 virginis

246 664 404 705 Egressus
429 666 582 706 templum
606 666 708 706 atriis,

250 712 314 744 Sed
340 713 511 744 claustrum
536 714 620 752 quod
637 712 803 744 invenerat

250 758 397 791 Clausum
422 760 551 800 reliquit
574 759 717 800 virginis.

873 224 904 256 6.

875 423 906 454 7.

875 621 906 652 8.

932 222 957 255 Ο
983 231 1059 256 vere
1082 231 1173 254 sacer
1198 222 1317 264 alveus,

930 270 1032 302 Huius
1057 270 1138 302 nites
1163 270 1217 309 qui
1241 270 1352 311 gloria,

932 317 1029 356 Quem
1047 317 1177 358 eaelum,
1203 319 1291 349 terra
1306 325 1367 348 non
1387 316 1483 358 capit,

935 364 1077 405 Virginis
1102 373 1178 396 vero
1202 366 1321 396 uterus,

932 421 997 453 Sed
1018 429 1078 454 nos
1103 422 1146 453 ad
1169 423 1203 452 te
1231 421 1459 460 concurrimus,

932 469 1028 501 Alma
1051 476 1176 508 parens,
1203 471 1235 499 et
1260 468 1435 508 poscimus:

931 516 1019 548 Erue
1043 524 1100 547 nos
1127 517 1167 548 de
1189 516 1334 555 gentibus

932 563 1009 595 Tuis
1033 562 1136 594 beatis
1164 563 1321 602 precibus.

933 620 995 652 Per
1020 623 1107 651 tuum
1131 619 1337 659 unigenitum,

932 667 1029 705 Quem
1055 667 1190 706 genuisti
1214 666 1393 708 Dominum,

933 713 1021 745 Caeli
1044 717 1188 753 petamus
1214 714 1367 754 gremium

931 760 995 791 Diu
1019 769 1078 800 per
1103 769 1194 793 omne
1218 762 1387 794 saeculum.

252 824 290 851 X.
308 839 342 843 —
365 822 393 857 4,
413 822 433 851 4
452 823 566 852 Servile
584 823 645 859 (die
657 824 818 860 Anaphora
827 826 867 852 ist
879 825 1036 853 mehrmals
1051 824 1245 861 angewandt).
1258 841 1284 845 —
1309 824 1335 859 Q,
1356 825 1375 853 2
1395 827 1485 855 Cuius

175 863 320 898 milesque
339 863 460 898 gloriae.
479 877 492 881 -
516 876 519 880 ·
539 860 569 896 6,
590 860 608 890 3
628 864 773 898 terraque,
798 877 832 881 —
850 862 877 897 7,
902 860 919 889 2
943 863 1034 891 Alme.
1055 878 1094 881 —
1115 863 1171 891 Cfr.
1191 864 1291 899 Migne
1332 863 1366 898 ¹6,
1396 863 1484 900 11903

175 901 352 928 Thomasius
371 900 410 932 H,
432 897 496 935 394,
518 901 578 927 und
597 900 704 928 claraus
724 901 833 928 Daniel
854 901 876 934 Ι,
901 899 962 928 142.

250 938 308 965 Die
327 938 520 973 Versuehung
543 938 617 974 liegt
641 938 732 973 nahe,
762 939 791 966 in
818 938 874 966 den
899 938 1191 975 Sti-ophenanfangcn
1219 940 1268 966 ein
1287 939 1485 967 Akrrtihon

177 974 360 1011 „Haminos“
384 984 421 1002 zu
440 978 600 1003 vermuten.
641 976 729 1003 ware
749 977 801 1003 das
824 976 875 1004 der
894 976 988 1004 Narne
1008 977 1058 1004 des
1076 977 1234 1004 Diehters?
1274 977 1362 1005 Siehe
1380 976 1440 1013 jod(
1467 977 1486 1004 h

175 1014 312 1041 Vorwort
325 1014 354 1042 S.
367 1012 413 1040 47.
443 1014 550 1041 Daniel
563 1013 633 1049 (und
646 1014 722 1041 nach
735 1015 796 1041 ihm
812 1012 977 1050 Chev‘ilier)
995 1015 1123 1042 sehreibt
1136 1014 1190 1042 (len
1210 1015 1341 1049 Hymnu-
1357 1015 1486 1043 Pruden-

175 1053 234 1079 tius
254 1060 307 1086 zu3
328 1052 380 1079 das
400 1051 490 1079 heisst
506 1051 556 1079 der
575 1053 660 1079 Muse
681 1052 731 1079 des
751 1052 868 1089 grossen
880 1052 1057 1080 Prudentius
1077 1054 1174 1089 wenig
1186 1052 1266 1080 Ehre
1287 1054 1380 1080 erwsiz
1404 1062 1435 1080 an.

576 1134 622 1165 85.
651 1133 687 1164 In
710 1134 923 1174 Assumptione
943 1134 974 1165 B.
996 1134 1031 1165 M.
1056 1134 1080 1164 V

725 1202 760 1232 In
779 1202 940 1232 Laudibus.

444 1264 473 1296 1.
499 1261 560 1303 En,
586 1265 679 1302 pater
703 1261 832 1302 gloriae,
858 1261 987 1293 rutilum
1009 1262 1156 1301 gaudium

501 1308 630 1341 Cunctis
652 1309 803 1341 inclaruit
827 1309 905 1341 orbe
928 1308 1080 1348 fidelium,

498 1356 597 1388 Festa
623 1357 761 1388 celebria
783 1357 895 1388 matris
920 1356 1103 1395 altissimae,

499 1403 565 1442 Quo
591 1403 669 1436 felix
696 1404 820 1436 vehitur
843 1412 941 1443 regna
965 1404 1128 1443 perennia.

440 1463 470 1494 2.
498 1460 588 1493 Haec
609 1462 699 1500 virgo
724 1460 878 1500 genetrix,
905 1460 1002 1492 verbo
1027 1460 1174 1492 altissimi

499 1508 687 1541 Thalamum
712 1507 843 1550 regium,
868 1507 968 1547 prolis
997 1508 1145 1549 perpetui

496 1556 660 1588 Assistens
685 1556 792 1596 regiae
818 1555 969 1588 dexterae
993 1554 1088 1595 unici,

495 1604 641 1636 Amictus
666 1604 815 1635 renidens
841 1603 952 1643 regina
977 1602 1074 1634 aurei.

440 1663 471 1694 3.
498 1660 589 1693 Haeo
612 1662 686 1693 ante
711 1660 839 1692 saecula
865 1661 966 1691 electa
990 1660 1144 1701 genetrix,

494 1708 610 1749 Maria,
636 1707 753 1739 nobilis
778 1708 935 1747 virginum
960 1705 1102 1747 floscula,

497 1755 621 1788 Gerens
644 1755 787 1795 virgineo
810 1755 918 1787 lumen
942 1754 1090 1786 altissimi

494 1803 579 1836 Alvo
604 1803 813 1843 sanctissimo,
838 1802 1004 1842 Deumque
1027 1802 1196 1834 hominem.

436 1863 468 1894 4.
496 1860 649 1895 Caelestis
674 1861 803 1892 nuntius
830 1858 961 1891 Gabriel
985 1858 1115 1900 angelus

496 1906 637 1941 Adfatur
661 1907 777 1948 virgini
803 1909 989 1948 conceptum
1013 1906 1082 1948 filii,

493 1956 601 1989 Enixa
621 1956 758 1988 omnium
782 1955 879 1987 vitam
906 1954 1112 1995 credentium,

492 2003 600 2036 Mater
625 2012 794 2045 puerpera,
820 2003 908 2043 virgo
935 2006 1100 2043 perpetua.

437 2063 467 2095 5.
495 2062 628 2094 Patrata
651 2061 757 2093 omnia
780 2062 888 2092 vatum
913 2060 1042 2092 oracula

494 2109 641 2142 Priorum
665 2108 846 2149 principum
870 2106 1012 2140 Michael
1035 2107 1175 2140 mittitur

493 2158 667 2189 Assumens
692 2156 848 2197 virginem
872 2156 968 2188 ehoro
993 2155 1137 2196 angelico

494 2203 694 2245 Gestansque
719 2204 840 2245 gloriae
863 2204 979 2237 throno
1004 2201 1219 2244 praefulgido.

433 2264 465 2297 6.
492 2261 595 2303 Nunc,
622 2261 711 2302 virgo
737 2260 905 2302 virginum,
932 2260 1051 2302 adepta
1074 2259 1195 2300 gloriae

494 2310 578 2343 Sede
601 2307 739 2349 luciflua,
766 2312 858 2342 oratu
880 2308 1018 2350 petimus

490 2357 538 2391 Te
562 2357 692 2390 summis
716 2356 876 2398 precibus,
901 2357 1027 2396 respice
1051 2354 1193 2387 servulos

490 2404 653 2440 Deflentes
678 2405 811 2438 crimina
835 2413 978 2446 quaeque
1002 2402 1176 2436 horrentia.
