1650 2610
714 129 949 164 -64—

604 222 631 254 2.
661 220 816 252 Dominica
837 220 859 251 1.
880 219 1045 250 Adventus.

730 287 778 316 Ad
794 285 923 316 Laudes.

868 346 899 377 3.
927 344 1045 376 Gentes
1071 347 1163 376 erant
1185 346 1219 376 in
1243 345 1395 383 tenebriS,

925 391 1088 423 Viderunt
1110 391 1216 422 lumen
1242 390 1386 433 fulgoris,

195 347 225 379 1.
253 347 441 379 Cunctorum
466 355 522 378 rex
548 347 742 386 omnipotens

250 393 403 425 Mundum
428 393 552 425 salvare
575 393 703 425 veniens

249 439 397 471 Formam
422 440 592 479 assumpsit
617 439 757 478 corporis
927 437 1003 470 Cum
1029 438 1171 469 salvator
1195 438 1363 470 advenerit

251 485 388 517 Nostrae
409 486 634 518 similitudinis.
925 485 1106 527 Redimere,
1131 493 1208 523 quos
1236 484 1391 517 condidit.

195 546 225 576 2,
252 542 310 579 Qui
335 544 446 580 regnat
470 550 539 572 cum
564 542 727 581 altissimo,
867 544 900 575 4.
928 542 1023 580 Quem
1052 541 1127 572 olim
1154 543 1261 572 vatum
1284 541 1431 580 praescia

248 587 388 626 Virginis
413 588 512 619 intrat
534 590 655 619 uterum
926 588 1117 620 Cecinerunt
1140 588 1279 627 oracula,

248 633 434 666 Nasciturus
459 634 490 665 in
518 642 650 674 corpore
924 635 1018 667 Nunc
1042 635 1148 667 veniet
1170 635 1203 666 in
1228 635 1339 675 gloria,

245 680 358 713 Mortis
383 680 485 712 vincla
513 681 718 723 disrumpere.
924 682 1044 714 Nostra
1067 685 1104 713 ut
1128 685 1218 714 curet
1241 682 1384 714 vulnera.

509 739 540 770 5.
567 737 735 770 Laetemur
757 747 841 770 nunc
863 740 897 771 in
922 739 1068 778 Domino,

569 785 668 817 Simul
692 786 726 817 in
749 786 811 818 Dei
835 785 911 825 filio,

569 833 678 865 Parati
701 833 785 864 hunc
808 833 970 873 suscipere

567 880 734 912 Adventus
758 881 805 912 sui
830 882 982 920 tempore.

250 943 286 970 X.
313 957 350 962 —
376 941 408 976 2,
429 942 447 970 4
473 945 600 971 vincula.
625 959 662 963 —
691 943 717 978 5,
738 942 756 972 3
777 954 857 979 eum;
881 945 998 973 Elision
1018 945 1116 972 wi'trdc
1136 944 1302 981 gleichfalls
1323 944 1371 971 die
1392 945 1475 972 iiber-

174 982 325 1016 sehiissige
345 981 426 1008 silbe
445 982 620 1018 beseitigen,
649 984 718 1010 aber
738 984 781 1010 sie
799 982 890 1010 findet
909 986 992 1010 sonst
1010 984 1060 1010 nie
1079 984 1110 1010 in
1130 983 1240 1010 diesem
1260 983 1397 1017 Hymnus
1417 982 1475 1009 An-

173 1018 324 1053 wendung.
350 1032 387 1036 —
415 1016 445 1051 5,
467 1017 486 1046 4
511 1022 557 1047 sui
576 1020 685 1055 gloria;
711 1021 789 1047 xviii-e
807 1029 901 1056 gegen
921 1021 977 1048 den
995 1029 1092 1057 genau
1111 1020 1358 1056 durchgeffihrtcn
1377 1021 1472 1048 Reim.

175 1057 250 1084 Odor
269 1057 309 1082 ist
328 1056 479 1083 vielleicht
497 1057 545 1084 die
564 1057 620 1085 Str.
637 1056 654 1085 5
674 1059 804 1093 spaterer
817 1057 943 1086 Zusatz?
958 1073 995 1077 —
1010 1058 1066 1085 cfr.
1080 1059 1181 1095 Migne
1196 1057 1241 1092 86,
1256 1057 1306 1093 57;
1328 1058 1420 1086 Neale
1437 1056 1474 1085 59

173 1095 232 1121 und
252 1093 347 1120 davon
367 1093 505 1121 Abdruck
525 1095 632 1122 Daniel
649 1096 700 1130 IV,
724 1094 769 1123 57.

605 1205 631 1237 3.
651 1206 808 1237 Dominica
826 1206 848 1238 1.
869 1206 1038 1238 Adventus.

710 1274 759 1303 Ad
780 1274 934 1312 Vesperas.

862 1335 893 1368 5.
919 1334 1015 1365 Venit
1039 1333 1125 1365 Deus
1151 1332 1255 1365 factus
1280 1334 1384 1373 homo,

919 1381 1063 1412 Nitescat
1088 1384 1125 1412 ut
1148 1381 1237 1413 cultu
1260 1390 1342 1412 novo

188 1331 217 1362 1.
245 1329 362 1361 Christi
388 1334 513 1363 caterva
539 1333 678 1364 clamitet

244 1377 360 1409 Rerum
384 1379 518 1417 parenti,
545 1380 704 1418 proximas

244 1424 325 1462 Quas
351 1432 419 1455 csse
443 1426 548 1465 sentit,
579 1427 696 1466 gratias
918 1428 1059 1460 Renatus
1083 1428 1117 1459 in
1139 1431 1214 1460 nato
1236 1428 1306 1460 Deo

242 1469 430 1510 Laudesque
453 1476 579 1511 promat
602 1474 766 1508 maximas,
918 1475 1037 1506 Factus
1062 1484 1162 1507 novus
1190 1478 1278 1507 vetus
1304 1476 1407 1509 homo.

187 1528 217 1559 2.
245 1526 358 1558 Vatum
382 1528 449 1566 poli
473 1529 599 1561 oraqua
861 1533 892 1564 6.
919 1532 1044 1563 Natalis
1068 1532 1143 1563 hinc
1168 1532 1207 1563 ob
1234 1533 1384 1572 gaudium

247 1572 385 1606 Perfecit
410 1575 483 1606 olim
507 1576 636 1615 tradita,
921 1579 1025 1611 Ovans
1051 1581 1182 1618 tropaeo
1207 1580 1349 1619 gentium

247 1619 324 1652 Cum
348 1630 405 1653 nos
429 1623 565 1654 redemit
586 1624 697 1655 unicus
918 1626 1043 1657 Renata
1066 1626 1159 1666 plebs
1184 1635 1243 1666 per
1268 1627 1404 1668 gratiam

245 1667 390 1700 Factoris
413 1669 498 1701 orbis
522 1669 616 1702 filius.
918 1673 1008 1704 Haec
1032 1673 1116 1705 festa
1140 1674 1273 1713 praebet
1298 1684 1412 1710 annua.

189 1725 219 1757 3.
246 1724 383 1755 Verbum
408 1725 551 1765 profecto
576 1728 736 1767 proditum
862 1731 893 1761 7.
919 1730 1086 1762 Adventus
1111 1731 1165 1762 hic
1187 1731 1394 1763 sollemnibus

247 1770 334 1803 Tulit
359 1776 479 1804 reatum
506 1774 669 1806 criminum
921 1778 1010 1809 Votis
1036 1776 1159 1809 feratur
1184 1780 1331 1818 omnium,

247 1817 439 1858 Sumensque
462 1823 602 1853 nostrum
628 1822 792 1861 pulverem

246 1864 361 1897 Mortis
385 1868 520 1905 peremit
543 1869 728 1908 principem.

187 1921 218 1953 4.
244 1921 273 1952 A
297 1924 398 1953 matre
422 1926 514 1954 natus
538 1926 689 1965 ternpore,

247 1966 309 1999 Sed
334 1969 543 2008 sempiternus
567 1981 587 2003 a
610 1974 702 2010 patre

247 2014 376 2046 Duabus
399 2016 433 2047 in
457 2017 640 2049 substantiis

247 2062 386 2094 Persona
408 2064 476 2094 sola
500 2067 548 2095 est
571 2066 715 2097 numinis.

920 1824 1003 1863 Quos
1028 1826 1185 1857 sustinere
1212 1827 1359 1858 convenit

919 1872 1014 1903 Tanti
1040 1873 1103 1904 diei
1128 1874 1281 1914 gloriam;

888 1955 895 1963 ,
922 1928 1085 1961 Secundus
1111 1933 1147 1961 ut
1172 1939 1242 1962 cum
1267 1932 1402 1975 venerit,

919 1976 1098 2016 Orbemque
1121 1980 1227 2010 terror
1252 1980 1417 2023 presserit,

920 2022 1091 2056 Succurrat
1114 2025 1194 2057 haec
1218 2026 1397 2058 humillima

919 2069 1135 2110 Susceptionis
1162 2073 1312 2114 dignitas.

249 2127 319 2161 MT3
340 2127 422 2161 LSd3
443 2128 479 2154 X.
493 2143 529 2147 -
543 2130 663 2157 Femer:
688 2132 757 2159 cod.
777 2141 831 2160 ms.
847 2133 959 2161 Trevir.
975 2133 1057 2163 1404.
1073 2145 1148 2164 saec.
1165 2136 1208 2166 10.
1223 2140 1263 2165 in.
1277 2139 1376 2172 (Mone
1389 2140 1413 2174 Ι,
1427 2138 1476 2175 45)

174 2165 214 2191 M.
234 2179 272 2185 —-
292 2165 463 2193 Aurserdem
482 2168 523 2194 im
542 2168 683 2201 Hymnar.
704 2178 756 2197 ms.
777 2169 899 2198 Severin
927 2180 1003 2199 saec.
1024 2171 1096 2202 ¹⁰ln.
1138 2176 1208 2203 Cod.
1228 2177 1297 2204 Vat.
1319 2176 1394 2205 7172
1415 2179 1475 2206 und

173 2202 267 2230 Baris.
290 2200 376 2238 10923
396 2204 456 2231 und
476 2206 507 2231 in
527 2206 605 2232 einer
623 2206 677 2234 Hs.
698 2216 736 2234 zu
753 2207 920 2245 Engelberg
939 2208 984 2237 61.
1004 2211 1054 2239 fol.
1077 2211 1139 2241 174.

252 2239 277 2275 1,
301 2239 315 2267 1
339 2242 456 2269 caterba
474 2243 545 2276 MT,
568 2242 648 2278 LSd;
671 2245 803 2272 clamitat
820 2247 852 2274 M
869 2244 1043 2283 (eutspricht
1060 2251 1177 2279 freilieh
1196 2252 1263 2279 dem
1282 2252 1383 2288 Reim3
1405 2255 1476 2282 aber

177 2279 251 2306 auch
276 2278 310 2314 7,
330 2276 350 2305 4
375 2280 605 2317 vernachl‘zissigt
630 2281 685 2309 den
703 2283 802 2317 Reim,
828 2285 884 2311 wie
907 2286 1073 2324 uberhaupt
1099 2290 1147 2317 ein
1166 2289 1396 2325 gelegentliches
1417 2293 1474 2320 Ab·

175 2317 268 2351 gehen
286 2325 354 2344 vom
372 2317 474 2345 Reime
494 2318 549 2346 den
569 2319 762 2348 Mozarabern
782 2323 866 2357 eigen
886 2323 941 2358 ist3
971 2325 1066 2354 semer
1085 2327 1327 2362 korrespoudiert
1345 2328 1478 2357 clamitet

174 2356 229 2381 mit
246 2354 378 2390 promat).
400 2369 438 2373 —
458 2354 483 2390 3,
501 2355 515 2383 1
535 2357 695 2393 profectum
714 2359 751 2392 X,
770 2360 811 2386 M.
831 2374 868 2378 —
886 2358 912 2394 5,
927 2360 945 2388 2
964 2364 1041 2392 nobo
1061 2365 1127 2392 MT.
1147 2378 1184 2382 —
1208 2363 1234 2398 5,
1248 2362 1268 2391 4
1285 2373 1374 2392 verus
1387 2366 1475 2395 homo

174 2392 210 2425 X,
231 2391 271 2419 M.
292 2406 328 2411 —-
349 2390 374 2428 6,
395 2391 412 2420 2
433 2394 532 2423 Obans
552 2395 618 2424 MT.
638 2412 677 2416 —-
697 2395 722 2431 6,
744 2394 762 2425 3
781 2399 879 2434 gratia
897 2399 962 2428 MT.
986 2416 1017 2420 —
1039 2401 1066 2438 7,
1083 2400 1101 2430 3
1122 2402 1186 2436 Quo
1206 2401 1285 2430 Lsda
1308 2401 1334 2438 7,
1349 2401 1369 2430 4
1387 2404 1476 2433 Tanti
