1650 2610
675 135 931 172 —251—

347 225 403 260 12.
428 226 564 269 Magnus
588 232 633 270 tu,
660 231 806 274 Domine,
834 242 867 266 es
891 243 971 275 prae
998 234 1058 268 diis
1084 236 1239 276 omnibus,

346 453 399 487 13.

341 683 396 716 14.

338 910 393 944 15.

339 1137 393 1170 16.

330 1366 385 1399 17.

330 1594 384 1627 18.

323 1823 379 1856 19.

320 2034 375 2075 2'0.

320 2262 376 2296 21.

425 274 563 308 Multum
588 277 741 310 mirificus
764 280 797 311 in
822 283 855 312 te
879 282 1099 323 credentibus3

425 322 538 355 Pravis
562 326 751 369 muscipula,
778 331 907 361 sanctus
931 330 964 361 in
990 331 1122 363 aethera

425 368 543 402 Christi
568 372 727 412 glorificat
751 375 1023 415 omnipotentiam.

430 455 539 488 Victus
563 465 627 489 non
652 459 751 491 valuit
776 461 977 503 insatiabilis,

423 501 552 543 Saevus»,
576 506 742 548 terribilis,
768 511 800 539 et
821 517 905 541 nova
929 510 1047 549 cogitat

423 549 595 582 Tormenta
619 554 729 584 sitiens
756 555 882 587 vincere
906 559 1097 601 martyrem3

421 597 485 630 Sed
509 600 653 632 sanctum
677 600 806 633 Domini
830 611 893 635 non
917 604 1032 635 terruit
1055 606 1180 637 malum.

421 682 559 726 Exaudi,
586 683 733 724 Domine,
761 686 879 725 cogitat
901 688 1018 728 impius

419 729 545 761 Inferre
569 739 676 771 onera,
704 731 832 764 vincula
856 735 971 774 omnia,

416 775 608 809 Ferventem
633 778 748 819 oleum,
774 780 938 819 plumbum
964 784 996 813 et
1019 784 1163 823 ungulas,

418 822 465 856 Ut
488 826 631 856 sanctum
657 829 787 865 superet
810 830 986 868 martyrem
1012 832 1044 861 et
1068 833 1169 864 necet.

421 909 480 951 Ne,
506 910 641 951 Thyrse,
667 911 792 955 timeas,
817 913 866 944 sic
890 915 935 946 ait
960 916 1100 954 angelus,

416 957 566 990 Directus
593 968 649 1000 ego
674 968 743 991 sum
767 969 787 992 a
811 960 946 993 Domino
974 961 1051 1002 Deo,

417 1004 449 1037 A
472 1008 506 1036 te
530 1006 688 1046 supplicia
713 1006 856 1039 auferam
881 1009 996 1048 omnia,

416 1052 613 1092 Hostemque
636 1053 757 1093 poteris
782 1055 911 1087 vincere
934 1056 1117 1095 pessimum.

421 1138 561 1170 Cernens
585 1138 742 1179 proficere
764 1140 811 1171 nil
836 1140 901 1172 suis
926 1141 1048 1173 viribus

418 1184 569 1217 Sanctum
593 1186 803 1226 praecipitem
827 1187 861 1218 in
886 1197 974 1220 mare
998 1189 1157 1228 praecipit

415 1233 550 1271 Iactare,
578 1234 709 1266 videant
732 1243 773 1266 ne
796 1234 880 1266 oculi
905 1236 1075 1276 hominum,

415 1279 480 1313 Ter
505 1281 588 1312 dena
612 1281 718 1313 stadia
743 1291 763 1313 a
786 1282 883 1313 litore
906 1283 1042 1322 longine.

412 1365 513 1405 Quam
537 1366 628 1407 mira,
654 1366 800 1406 Domine,
827 1370 902 1399 sunt
922 1376 1021 1407 opera
1046 1368 1118 1400 tua!

412 1414 587 1446 Adducunt
611 1414 757 1446 manibus
782 1416 955 1454 martyrem
980 1415 1085 1455 angeli

412 1461 457 1493 Et
483 1461 569 1493 dulci
592 1464 745 1494 resonant
770 1461 909 1494 carmine
935 1462 1101 1506 canticum,

412 1508 514 1542 Iudex
538 1518 601 1541 non
626 1509 743 1541 meruit
769 1517 899 1541 cernere
924 1509 1063 1549 angelos.

410 1593 571 1626 Debemus
596 1594 724 1634 penitus
750 1593 837 1626 facta
860 1597 1019 1634 retexere,

405 1642 492 1681 Quae
515 1644 642 1673 sanctus
668 1642 791 1673 meritis
816 1641 998 1674 reddiderit
1025 1642 1107 1674 bona

406 1689 523 1721 Tribus
547 1689 707 1721 iudicibus
733 1690 828 1728 culpa
852 1689 1044 1730 labentibus,

406 1736 490 1775 Quos
515 1738 603 1769 terra
627 1736 771 1776 reppulit
795 1739 935 1769 mortuos
962 1738 1100 1776 saepiuS.

404 1822 551 1855 Exorant
576 1821 688 1862 populi
713 1824 896 1861 martyrem,
923 1822 1088 1862 inquiunt:

403 1870 548 1911 Oramus,
576 1869 712 1910 domine,
738 1869 889 1910 praecipe
914 1870 1071 1910 protinus,

402 1918 506 1950 Terra
529 1920 566 1949 ut
589 1917 743 1959 suscipiat
770 1926 906 1959 corpora
927 1917 1079 1961 iudicum,

401 1965 488 2005 Quae
512 1967 637 1997 scatent
660 1965 792 2005 putrida
817 1966 977 1998 vermibus
1003 1964 1157 2000 funditus

404 2042 586 2075 Clementer
610 2042 781 2075 lacrimans
808 2043 968 2075 sarculum
993 2043 1113 2084 accipit

401 2090 580 2131 Designans
605 2091 719 2130 locum,
745 2090 800 2122 ubi
825 2099 960 2132 corpora
984 2091 1123 2123 condere

401 2137 574 2170 Deberent.
624 2138 758 2171 Veniam
783 2138 825 2170 da
848 2138 911 2179 pie,
938 2138 1107 2181 poscimus,

401 2185 539 2225 Martyr,
565 2195 623 2218 nos
647 2185 783 2218 humiles
809 2186 968 2218 credimus
994 2186 1028 2219 in
1053 2186 1166 2218 Deum.

402 2261 580 2294 Laetentur
605 2262 743 2296 omnium
770 2263 868 2296 corda
891 2263 1067 2295 volentium

402 2310 558 2343 Caelestis
583 2310 709 2350 patriae
734 2319 889 2352 quaerere
914 2309 1041 2351 gaudia,

399 2357 445 2390 Et
468 2357 564 2398 parvi
588 2356 711 2390 faciant
734 2359 824 2390 nulla
848 2358 1008 2397 nocentia,

395 2405 442 2438 Ut
466 2406 553 2438 venti
579 2415 599 2437 a
624 2404 707 2438 facie
731 2406 851 2446 stipula
872 2405 1053 2447 pervolent,
