1650 2610
713 138 758 144 -.
808 118 853 152 80
900 136 947 141 ,-

547 213 591 243 26.
623 209 781 242 Dominica
801 209 829 238 2.
851 204 1123 245 Quadragesimzc.

706 295 741 324 In
760 294 787 322 2.
805 292 955 330 Vesperis.

201 371 230 402 1.
256 368 353 407 Deus,
379 367 433 407 qui
458 366 552 397 certis
577 364 700 404 legibus
872 362 903 393 3.
930 360 1041 392 Hostis
1065 367 1106 390 ne
1132 357 1233 389 fallax
1258 356 1370 387 incitet

256 415 390 446 Noctem
416 412 570 445 discernis
595 420 634 443 ac
659 410 752 449 diem,
927 405 1073 438 Lascivis
1100 413 1176 436 cura
1200 403 1325 443 gaudiis

254 460 299 493 Ut
322 460 406 492 fessa
431 459 514 492 curis
540 466 675 496 corpora
928 452 1060 486 Secreta
1083 451 1186 482 noctis
1211 450 1373 481 advocans

255 508 387 539 Somnus
412 506 533 537 relaxet
555 505 628 536 otio.
927 499 1071 532 Blandos
1096 499 1128 529 in
1154 499 1261 529 aestus
1288 494 1442 534 corporis.

196 576 226 606 2.
253 573 299 604 Te
322 572 422 603 noctis
446 571 530 601 inter
554 568 704 600 horridae
869 568 902 600 4.
928 565 1090 605 Subrepat
1112 564 1221 595 nullus
1246 561 1352 594 sensui

253 619 389 657 Tempus
413 625 591 656 precamur,
616 617 661 657 ut,
689 622 785 654 sopor
928 613 1053 645 Horror
1076 611 1201 643 timoris
1226 609 1324 649 anxii,

252 664 392 696 Mentem
426 664 499 695 dum
526 661 642 693 fessam
669 662 800 701 detinet,
925 660 1048 693 Illudat
1071 661 1208 690 mentem
1232 665 1291 689 nec
1316 665 1428 696 vagam

250 711 343 744 Fidei
366 711 422 742 lux
444 710 619 749 illuminet3
928 707 1043 740 Fallax
1067 707 1171 746 imago
1196 706 1331 738 visuum.

535 777 567 809 5.
594 775 657 807 Sed
683 783 753 805 cum
778 772 956 813 profundus
981 773 1121 804 vinxerit

593 822 737 861 Somnus,
764 830 908 853 curarum
932 821 1069 860 nescius,

592 869 690 900 Fides
714 877 910 909 nequaquam
936 868 1082 907 dormiat,

592 916 676 956 Vigil
701 918 735 947 te
758 924 868 948 sensus
892 915 1036 948 somniet.

254 999 291 1026 X.
306 1013 344 1018 —
360 1000 480 1027 Femer:
501 999 570 1027 0011.
591 999 657 1026 Vat.
677 999 747 1035 Reg.
770 997 813 1026 11.
835 1007 911 1026 saec.
931 997 981 1034 ⁸10.
1000 999 1036 1026 V.
1049 1012 1085 1017 —
1098 997 1167 1026 Cod.
1189 997 1282 1024 Oxon.
1303 1004 1380 1023 saec.
1401 993 1429 1023 8.
1443 992 1482 1031 [Ῥ]

179 1039 300 1071 (Gi-imm
324 1037 344 1064 1.
372 1048 394 1065 ι,·.
418 1035 466 1072 44)
490 1037 523 1065 Ο.
550 1051 587 1055 -
616 1035 639 1070 1,
661 1034 679 1063 3
700 1045 782 1064 cures
802 1037 840 1064 X.
860 1052 897 1056 —
919 1035 943 1071 1,
965 1036 984 1064 4
1006 1036 1115 1064 Somno
1129 1036 1171 1070 V3
1192 1036 1284 1063 otium
1303 1035 1341 1062 X.
1361 1049 1401 1053 —
1420 1030 1447 1067 3,
1466 1031 1484 1059 2

180 1076 325 1103 Lasciviis
352 1083 450 1102 curam
475 1076 516 1109 X,
543 1076 619 1101 euris
646 1075 680 1102 O.
705 1090 742 1094 -—
762 1073 788 1109 3,
809 1073 826 1103 ζ’
848 1075 995 1103 Secretam
1015 1075 1052 1101 X.
1073 1089 1110 1093 —
1131 1072 1158 1107 3,
1177 1072 1198 1100 4
1216 1072 1348 1100 Blandus
1368 1072 1411 1105 X,
1442 1073 1482 1105 O,

180 1115 210 1141 in
235 1114 292 1140 isto
317 1120 437 1148 corpore
464 1112 497 1140 Ο.
525 1128 564 1131 -
594 1111 621 1144 4,
643 1112 660 1139 3
692 1113 804 1140 Inludit
828 1122 866 1140 ne
892 1115 1017 1140 mentem
1041 1111 1157 1148 (vagam
1180 1111 1265 1145 fehlt)
1292 1110 1335 1145 Χ,
1355 1111 1483 1137 mentem

182 1160 239 1178 neu
271 1149 304 1176 O.
332 1164 365 1168 -—-
390 1148 417 1183 4,
438 1149 458 1177 4
486 1151 568 1177 visus
599 1150 639 1184 X3
670 1151 750 1177 visui
781 1151 813 1177 Ο.
845 1166 880 1170 -
916 1149 941 1185 5,
966 1149 980 1177 1
1005 1150 1150 1186 profunda
1169 1150 1279 1176 vixerit
1297 1149 1334 1176 X.
1359 1162 1397 1167 -
1418 1146 1444 1182 5,
1465 1145 1483 1174 3

182 1188 268 1215 Ferlis
301 1187 336 1213 V.
367 1202 406 1207 —
434 1187 460 1221 5,
485 1186 505 1215 4
535 1187 675 1223 Vigilque
700 1189 740 1220 X;
770 1189 887 1224 Vigilve
912 1189 945 1216 O.
971 1202 1007 1207 —
1034 1188 1213 1222 Doxologie:
1247 1187 1311 1214 Deo
1340 1187 1419 1222 patri
1445 1187 1484 1212 sit

182 1226 278 1262 gloria
302 1227 347 1251 ete
368 1223 567 1260 (vollstiindig)
593 1225 629 1251 X.
649 1239 686 1243 —
707 1226 763 1253 Cfr.
782 1227 883 1262 Migne
902 1224 947 1259 86,
968 1224 1024 1254 328
1045 1226 1105 1253 und
1126 1224 1170 1259 17,
1194 1223 1276 1252 1179.
1295 1239 1336 1243 -
1353 1222 1482 1252 Thoma-

183 1264 244 1290 sius
269 1262 306 1295 II,
332 1259 388 1289 415*
414 1263 549 1289 benutzte
575 1262 603 1289 X
629 1271 657 1289 u.
682 1263 718 1295 V,
743 1263 834 1299 folgte
859 1265 929 1291 aber
953 1264 1001 1291 bei
1029 1264 1215 1291 Differenzen
1239 1264 1281 1289 im
1304 1262 1381 1289 Text
1408 1264 1482 1289 stets

182 1301 315 1327 letzterer
333 1299 396 1332 Hs„
417 1300 581 1335 abgesehen
599 1308 658 1326 von
676 1298 702 1334 3,
716 1299 736 1328 4
754 1301 892 1329 Blandus.
924 1302 1040 1329 Dar-aus
1060 1302 1121 1328 und
1139 1303 1225 1328 unter
1239 1301 1412 1336 Benutzung
1424 1309 1484 1327 von

184 1341 220 1366 O:
242 1337 348 1364 Daniel
364 1337 388 1370 1,
407 1335 460 1371 423
480 1339 560 1365 seint}
578 1337 854 1374 Variantenangahe
874 1341 914 1366 ist
932 1339 1120 1375 mangelhast.

546 1457 590 1487 27.
618 1456 777 1489 Dominica
797 1459 823 1489 3.
845 1458 1114 1499 Quadragesimae.

717 1544 765 1573 Ad
783 1544 941 1581 Vesperas.

445 1611 474 1643 1.
503 1611 628 1643 Christe
651 1613 812 1652 immense,
840 1614 1017 1645 dominator
1041 1616 1159 1655 sancte,

505 1658 636 1691 Custodi
660 1660 796 1698 plebem,
821 1669 914 1700 quam
939 1664 973 1692 tu
997 1661 1171 1699 redemisti,

505 1704 662 1746 Sanguine
685 1715 775 1738 sacro
800 1710 854 1739 tuo
878 1709 1018 1747 pretioso

634 1754 709 1793 Ipse
732 1755 873 1787 salvasti.

445 1819 480 1850 2.
508 1818 602 1851 Clare
625 1818 792 1860 refulgent,
816 1820 969 1853 Dominus
995 1830 1074 1861 quae
1098 1820 1176 1853 fecit

502 1866 538 1897 In
564 1866 736 1898 Bethania:
763 1867 805 1899 ad
829 1868 986 1900 Lazarum
1009 1869 1106 1908 venit,

505 1913 602 1950 Quem
627 1914 799 1956 suscitavit,
827 1918 859 1945 et
881 1915 1015 1955 gloriam
1040 1925 1127 1948 suam

634 1959 863 1994 Manifestavit.

445 2025 474 2056 3.
502 2024 607 2056 Maria
631 2028 735 2056 autem
761 2026 845 2058 domi
870 2030 1010 2070 retenta3

506 2071 603 2109 Quem
629 2073 832 2112 exspectabat
858 2075 960 2114 pietas
983 2076 1145 2119 immensa,

503 2118 556 2149 Illi
579 2120 718 2151 occurrit
742 2123 774 2151 et
797 2123 996 2155 annuntiavit

633 2166 741 2199 Sorori
764 2168 909 2201 Martha:

446 2233 477 2264 4.
504 2232 659 2273 Magister
682 2234 782 2267 adest.
832 2235 1009 2269 Occurrunt
1031 2248 1157 2272 sorores

504 2280 548 2312 Et
572 2281 773 2313 lacrimantes
799 2282 959 2316 Christum
984 2285 1178 2327 confitentes,

506 2327 559 2359 Sic
582 2331 773 2368 meruerunt,
795 2333 831 2361 ut
854 2332 1001 2365 viderent
1024 2333 1157 2367 fratrem

638 2376 734 2408 Suum
758 2382 982 2419 resurgentem.
