1650 2610
730 140 988 175 -139—

610 259 654 290 97.
686 260 722 291 111
741 260 844 292 sancti
865 260 1107 293 Bartholomaei.

419 370 427 378 .
453 342 596 388 Exaudi,
623 347 760 391 Christe,
785 358 843 381 nos
867 350 969 390 patris
995 353 1118 390 potens»,
1144 350 1207 390 pie,

458 390 558 434 celse,
584 397 617 426 te
641 404 768 436 semper
793 397 1004 438 obsecramus,
1030 397 1151 438 inclite,

456 438 565 474 Celsus
591 443 645 482 qui
669 443 755 475 solus
781 452 814 475 es
838 444 961 484 Deique
981 444 1076 486 filius,

453 484 500 521 Es
526 489 579 528 qui
605 489 749 529 dilectus,
777 500 861 533 ecce,
888 492 997 524 matris
1021 493 1143 532 unicus,

455 531 597 568 Ymnum
621 536 800 576 perfectum
826 542 858 570 et
883 547 1032 571 canorum
1057 539 1201 572 dicimus.

421 635 428 642 .
455 608 566 644 Multis
592 620 662 643 611111
687 622 784 652 saepe
811 614 1018 654 dulcibusque
1043 614 1172 648 vocibus

452 654 520 690 Nec
540 668 604 691 non
628 669 713 691 nunc
740 669 813 700 ergo
838 662 1014 701 mitigando
1041 662 1185 694 consonis

454 701 570 737 Uerbis
597 708 630 737 et
654 707 751 738 corde
773 716 978 746 personemus
1003 710 1148 741 inclitum

454 748 563 784 Servis
589 761 659 783 cum
683 754 752 785 irae
773 755 912 794 Spaniae
935 755 1095 795 fidelibus,

452 795 511 831 Bis
531 799 642 831 laudet
666 800 779 833 chorus
805 810 880 842 ergo
905 806 993 834 recte
1017 802 1128 835 filium.

421 901 428 908 .
456 872 488 908 A
522 875 649 908 Christo
682 877 806 919 missus,
843 886 927 918 ecce,
961 886 1096 918 namque
1129 879 1290 919 apostolus

449 919 556 963 Regni
580 926 734 963 regnante
759 927 791 956 et
815 925 884 957 Deo
909 928 1002 965 patre
1025 925 1164 965 inclitus,

452 967 595 1010 Tergens
619 972 765 1011 perrexit
787 972 913 1004 Indiam
937 973 1155 1013 potissimum3

451 1014 536 1049 Hinc
561 1018 664 1057 coepit
690 1017 783 1050 fortis
809 1020 959 1051 exhibere
986 1021 1119 1060 gloriam

452 1061 546 1097 Omni
571 1074 642 1096 cum
667 1066 772 1098 cordis
797 1067 909 1099 inclita
932 1068 1086 1108 potentia.

418 1165 423 1170 .
451 1137 612 1180 Linquens
637 1144 772 1180 peccata
796 1142 889 1173 India
912 1141 1090 1182 superflua,

451 1183 477 1220 Ο
503 1196 597 1226 quam
621 1188 811 1229 laudandus,
838 1189 880 1220 ad
905 1189 966 1221 Dei
992 1189 1190 1221 clementiam

449 1231 599 1274 Magnum
624 1236 676 1275 qui
703 1234 780 1267 facit
803 1244 929 1276 semper
954 1237 1056 1268 almae
1079 1236 1197 1269 filium!

447 1278 508 1314 Est
532 1282 697 1322 quisquam
722 1282 841 1316 verus?
880 1284 977 1324 Ecce,
1003 1292 1096 1316 verus
1122 1287 1170 1315 est
1194 1284 1292 1323 Deus,

448 1326 490 1362 In
515 1330 601 1362 caelo
626 1339 762 1370 namque
786 1331 873 1363 lucet
896 1331 968 1362 luce
989 1332 1127 1371 saepius,

416 1430 423 1437 .
451 1400 583 1444 Augens
609 1403 796 1445 fulgensque
821 1404 948 1437 famulis
971 1406 1126 1445 potentia,

445 1448 555 1484 Possit
577 1454 614 1482 ut
637 1454 725 1483 recte
749 1461 876 1492 semper
899 1453 976 1485 inde
998 1454 1101 1493 gloria

447 1495 582 1532 Ostendi
606 1508 721 1539 magna
745 1502 776 1530 et
800 1500 934 1532 altitona
956 1500 990 1531 in
1016 1501 1146 1532 aethera

445 1542 510 1579 Seu
534 1546 629 1578 terris
651 1555 766 1586 nempe
789 1547 982 1587 terrulisque
1006 1546 1105 1579 fortia

446 1591 512 1627 Ter
534 1602 619 1625 nunc
643 1597 818 1634 quaterque
842 1595 885 1626 sit
908 1595 1018 1627 Deove
1043 1595 1155 1636 gloria.

414 1693 422 1701 .
450 1667 475 1703 Ο
511 1669 631 1702 Christi
664 1672 774 1702 sancte
806 1671 1041 1712 Bartholomee,
1077 1671 1130 1710 qui
1157 1671 1294 1711 Indiam,

447 1714 543 1750 Lucis
570 1717 610 1750 de
633 1718 704 1749 luce
729 1727 788 1758 per
812 1718 873 1750 Dei
900 1719 1100 1750 clementiam

444 1762 489 1798 In
513 1773 621 1805 regno,
647 1768 767 1805 pastor,
795 1774 865 1797 esse
889 1767 995 1806 magni
1016 1765 1117 1798 filiam

446 1809 549 1850 Quum
572 1813 805 1854 praedicasses,
832 1822 914 1857 ecce,
942 1814 1028 1845 celsa
1052 1813 1095 1846 ad
1120 1812 1250 1845 aethera

444 1856 561 1893 Uerbis
586 1858 693 1891 fecisti
711 1861 776 1892 iam
800 1861 875 1893 olim
900 1870 1000 1901 usque
1022 1861 1058 1893 in
1082 1861 1219 1893 saecula.

410 1962 418 1970 .
441 1932 530 1977 Ergo
555 1937 609 1977 qui
633 1935 776 1969 infirmos
805 1937 937 1969 advenit
959 1945 1136 1977 poposcere

442 1981 582 2018 Maestos
606 1984 774 2018 vinctosve
796 1985 868 2025 ipse
891 1987 968 2017 111116
991 1985 1044 2018 vel
1069 1986 1206 2024 sospites

443 2029 584 2072 Fulgens
609 2032 754 2075 sanabat,
780 2033 875 2065 immo
900 2035 1028 2065 sanctus
1053 2032 1173 2074 optime

443 2076 489 2113 Et
513 2079 690 2112 collocabat
713 2081 846 2121 insuper
868 2081 1054 2121 perenniter

444 2124 521 2161 Gum
544 2128 662 2160 sanctis
687 2128 750 2160 rite
773 2128 1015 2161 Bartholomeus
1040 2129 1093 2161 hic
1117 2127 1208 2160 bene.

409 2229 417 2236 .
441 2199 546 2237 Iudex
570 2203 628 2235 sed
653 2202 745 2236 fortis
772 2207 804 2236 et
827 2205 890 2244 piis
915 2205 1088 2246 piissimus,

441 2248 542 2292 TaliS,
569 2260 662 2291 quem
686 2252 749 2283 rite
773 2254 806 2283 et
830 2254 878 2284 est
901 2252 1021 2285 habere
1046 2251 1224 2293 apostolum

440 2296 536 2340 Legis
564 2299 736 2340 doctorem,
762 2300 796 2332 in
821 2300 965 2333 omnibus
990 2299 1174 2341 potissimus

439 2343 487 2381 Et
510 2347 629 2380 sanctis
654 2350 782 2380 sanctus
808 2350 839 2380 et
863 2348 927 2389 piis
951 2348 1124 2389 piissimus,

440 2393 614 2437 Ostemque
638 2396 748 2429 vincat
771 2400 868 2437 atque
892 2396 945 2428 hic
969 2394 1142 2436 apostolus
