1650 2610
664 123 895 157 -92--

629 218 667 248 Π.
693 217 784 246 Text
803 214 838 242 in
857 210 939 242 LSc.

851 281 881 314 8.
906 279 998 310 Illico
1024 277 1142 308 electus
1167 273 1244 305 inde

152 298 183 329 1.
209 295 312 327 Dulce
336 301 461 324 carmen
485 291 591 330 lingua
614 286 740 327 promat

258 342 350 373 dulce
372 340 482 371 mellos
507 337 656 376 personat

210 388 335 421 Laudes
361 386 511 418 consonat
535 381 675 414 canendo

256 438 288 466 et
310 433 493 473 trophaeum
520 429 664 461 concinat

210 482 350 520 Qualiter
371 479 553 516 redemptor
576 474 692 507 mundo

258 527 358 560 crucis
381 526 498 565 lignum
522 521 652 563 prodiit.

153 606 183 636 2.
209 603 421 634 Barbarorum
446 600 519 631 dum
544 596 729 632 formidant,

257 647 478 682 Constantinus
500 645 635 684 impetus

209 696 346 736 Fulgida
369 694 489 726 micans
514 692 648 732 Olympo

258 752 335 774 crux
358 740 487 772 nitescit
510 741 620 779 agusto

207 790 299 822 Iussu
321 789 457 821 monitus
482 793 619 826 superno

256 837 290 868 in
313 837 374 868 hoc
397 836 520 875 signum
544 834 695 866 vinceret.

155 913 186 945 3.
211 911 303 942 Talia
327 909 433 942 facere
456 909 546 948 signa

258 957 375 997 populo
400 965 492 997 quam
515 956 641 988 viderat

215 1004 381 1044 Praecepit
406 1011 529 1035 crucem
553 1002 679 1042 praeire

261 1059 356 1091 seque
379 1050 567 1082 antecedere

217 1097 300 1130 Velli
324 1098 457 1129 contulit
480 1095 673 1136 triumphum

259 1145 361 1177 victor
386 1145 425 1176 de
450 1144 630 1175 certamine.

157 1221 189 1252 4?
215 1219 431 1251 Hebraeorum
457 1221 577 1250 coetum
603 1226 718 1249 vocans

261 1267 343 1306 regis
367 1268 469 1298 mater
489 1266 615 1297 Helena

216 1312 348 1345 Crucem
371 1312 489 1345 Christi
512 1311 678 1352 requisivit

264 1369 324 1399 quo
348 1360 463 1391 lateret
487 1360 625 1399 caespite

219 1405 312 1438 Cuius
339 1406 433 1438 decus
458 1407 579 1437 hostem
601 1405 679 1437 vicit

266 1453 434 1485 dimicante
458 1455 576 1491 agusto.

163 1530 193 1561 5.
219 1527 326 1568 Elegit
349 1528 434 1559 viros
458 1526 617 1569 perfectos

268 1575 376 1606 doctos
398 1575 501 1615 legem
524 1575 674 1614 optimam

220 1621 297 1661 Igne
321 1621 420 1654 voluit
442 1621 578 1654 urendos

267 1677 306 1700 ne
331 1677 406 1700 vera
429 1669 617 1708 perdoceret

220 1715 291 1747 Hac
310 1724 429 1748 summe
453 1724 610 1747 merorum
634 1716 736 1747 tactus

267 1763 377 1795 Iudam
401 1764 430 1794 ei
454 1762 598 1797 offerunt.

165 1838 197 1869 6.
223 1837 369 1870 Protinus
392 1839 515 1870 retrudi
537 1838 630 1870 iussit

269 1884 380 1917 Iudam
402 1885 463 1917 sibi
486 1885 639 1917 traditum

222 1930 319 1963 Retro
345 1932 461 1964 victum
486 1931 622 1963 detineri

270 1978 430 2017 mancipat
451 1979 601 2011 ieiunium

224 2024 392 2066 Usquequo
417 2026 519 2057 locum
543 2026 700 2057 sacratum

273 2072 452 2112 designaret
475 2073 647 2113 proprium.

168 2148 199 2182 7.
225 2146 347 2187 Septies
374 2148 446 2180 dum
471 2149 519 2180 sol
543 2147 680 2179 recurrit

271 2205 346 2228 suae
369 2196 448 2228 vicis
473 2195 616 2228 ordinem

228 2241 323 2275 Cibus
347 2243 396 2274 ori
419 2252 481 2275 non
507 2241 649 2274 defertur

273 2290 501 2322 subtrahuntur
524 2290 637 2329 pocula

225 2337 401 2377 Properare
424 2337 592 2378 pollicetur

275 2386 317 2418 ad
339 2386 444 2418 locum
470 2384 645 2419 Calvariae.

854 591 886 623 9.

833 904 888 937 10.

834 1215 889 1248 11.

837 1524 893 1557 12.

843 1837 899 1870 13.

844 2148 899 2179 14.

957 332 1054 365 prece
1077 321 1186 354 fundit
1208 319 1346 352 Domino

910 372 956 405 Ut
980 370 1077 403 saluis
1100 370 1232 401 nostrae
1254 366 1379 406 signum

957 418 1059 451 crucis
1084 414 1252 457 patefieret

910 466 1004 498 Suam
1031 464 1193 497 effamaret
1215 461 1346 493 mirram

958 512 1096 545 nectaris
1121 507 1305 550 fraglantia.

913 587 1026 622 Omnia
1051 587 1198 620 Ghm'stus
1223 582 1300 616 fidei

960 635 1115 668 concedat
1138 632 1340 671 omnipotens

912 682 1073 723 Quidquid
1096 680 1241 720 supplice
1269 677 1397 717 precari

958 733 1103 763 senserat
1124 726 1265 761 fideliter

915 778 1037 811 Cuncta
1062 777 1156 809 datur
1179 771 1364 814 postulandi

960 824 1045 866 quod
1071 822 1182 856 credes
1206 819 1347 861 petierit.

912 900 1084 942 Quinquies
1110 900 1222 939 quater
1246 897 1281 927 in
1305 894 1405 926 altum

962 949 1036 980 dum
1061 945 1195 978 fodisset
1219 942 1367 984 passibus

912 996 993 1027 Tres
1018 1003 1096 1034 quas
1122 1000 1231 1025 cruces
1257 987 1426 1029 requiribit

963 1050 1071 1074 cruces
1091 1041 1163 1081 ipse
1188 1037 1302 1070 detulit

914 1090 1001 1129 Quae
1025 1088 1068 1119 sit
1090 1096 1155 1119 una
1180 1094 1259 1117 crux
1284 1083 1396 1115 salutis

960 1136 1056 1169 morti
1081 1136 1183 1167 morte
1209 1130 1411 1171 comprobas.

915 1213 986 1244 Vox
1011 1213 1176 1250 serpentes
1205 1205 1451 1248 perstrepebant

962 1260 996 1291 in
1020 1267 1096 1290 aera
1121 1256 1288 1288 clamitans

915 1306 1042 1338 Veteris
1065 1312 1185 1337 venans
1208 1301 1320 1334 stellas

963 1361 1140 1385 memorans
1165 1359 1242 1390 quas
1266 1350 1395 1380 texerat

915 1401 1030 1433 Iudam
1055 1408 1112 1439 ego
1136 1397 1312 1430 incitabam

965 1455 1048 1479 nunc
1070 1454 1123 1477 me
1144 1445 1243 1476 ludas
1269 1442 1401 1482 expulit.

916 1523 1088 1555 Dominum
1112 1521 1210 1554 ludas
1237 1519 1381 1558 deposcit

967 1569 1127 1602 exorando
1150 1566 1279 1599 fletibus

920 1617 1010 1650 Sacri
1035 1615 1176 1657 corporis
1201 1617 1238 1646 ut
1261 1614 1311 1647 sui

968 1664 1117 1705 propalet
1140 1661 1254 1695 fixorio

919 1712 1067 1744 Rutilans
1092 1710 1183 1751 quasi
1206 1710 1375 1749 probatum

967 1757 1058 1792 aufer
1080 1766 1192 1790 aurum
1216 1756 1380 1797 optimum.

923 1836 1022 1876 Regis
1048 1833 1155 1866 frenos
1186 1833 1230 1865 ad
1255 1841 1317 1873 que
1340 1835 1456 1873 optans

968 1882 1051 1915 vatis
1074 1884 1112 1913 ut
1134 1881 1342 1921 praedixerat

919 1931 989 1962 Pax
1012 1931 1049 1960 ut
1071 1929 1158 1961 vella
1180 1928 1392 1968 subsequatur

969 1975 1124 2008 salibares
1148 1974 1270 2007 faceret

923 2023 1073 2055 Sanctum
1097 2023 1226 2056 Domini
1259 2023 1344 2064 quod
1369 2024 1455 2056 esset

970 2079 1067 2111 equus
1092 2069 1183 2103 freno
1209 2070 1334 2103 detulit.

924 2146 987 2178 Hic
995 2146 1179 2187 redemptor
1186 2146 1298 2179 mundi
1308 2146 1456 2180 Christus

970 2193 1130 2234 iudexque
1154 2198 1305 2226 venturus
1331 2197 1381 2226 est

925 2241 1040 2273 Decies
1064 2244 1138 2281 post
1163 2241 1260 2280 quina
1282 2241 1386 2274 lustra

972 2289 1143 2329 pervoluta
1165 2291 1343 2328 temporum

927 2336 1037 2369 Crucis
1068 2336 1189 2377 lignum
1212 2345 1286 2368 umo
1311 2339 1459 2377 apertum

975 2382 1102 2417 velebat
1124 2382 1271 2419 mirifice.
