1650 2610
657 135 705 139 —
754 117 822 152 269
872 138 916 143 —

548 205 610 237 193.
640 206 675 238 In
698 207 900 241 Ordinatione
919 211 1023 252 Regis.

147 272 177 304 1.
204 272 319 305 1nclite
344 282 401 305 rex
427 283 541 314 magne
564 285 683 318 regum,
831 281 863 313 3.
891 280 1038 312 Gaudeat
1061 290 1127 313 cum
1154 283 1248 322 plebe
1273 288 1367 325 totus,

252 324 456 366 consecrator
482 322 671 363 principum,
935 330 1003 359 tota
1026 328 1117 366 plebs
1145 339 1214 362 cum
1238 332 1395 374 principe,

203 367 330 400 Veritas
354 369 481 409 signata
503 371 616 408 patris,
889 374 938 405 Sit
963 375 1031 407 dies
1055 377 1170 408 natalis
1196 378 1286 409 huius

254 415 391 454 Christe,
419 425 495 448 vero
520 417 701 457 chrismate,
935 420 1051 453 feriata
1074 424 1198 462 gaudio,

203 462 269 501 Quo
296 461 425 494 favente
450 471 548 503 regna
575 466 691 498 durant
886 467 935 500 Sit
958 470 1020 508 piis
1046 471 1172 503 omnino
1198 472 1279 503 votis

248 512 345 549 atque
368 519 459 551 reges
483 511 652 551 imperant.
935 517 1031 556 plena
1056 518 1243 558 exsultatio,

147 578 178 608 2.
207 576 351 609 Provehe
376 585 507 617 regnum
533 577 639 611 fidelis
829 583 860 615 4.
888 581 931 614 Ut
957 582 1010 622 pie
1034 584 1170 616 tenendo
1196 593 1325 624 regnum

248 624 404 667 principis
430 624 471 657 ad
498 625 641 667 gloriam,
936 638 1004 661 cum
1032 629 1133 662 beatis
1158 632 1310 672 moribus,

199 670 346 711 Unguine
371 681 462 704 sacro
488 672 632 713 nitescat,
885 676 922 708 In
948 677 1061 716 quibus
1086 687 1170 709 nunc
1193 679 1404 722 principatur,

249 719 421 751 sanctitate
443 718 568 759 floreat,
934 724 981 755 sic
1004 725 1165 757 modestus
1190 727 1336 767 imperet,

203 764 340 806 Fulgeat
364 766 450 798 vitae
475 775 600 811 corona,
884 772 949 809 Quo
975 772 1069 803 simul
1096 780 1164 803 cum
1189 774 1238 804 his
1264 772 1389 807 fruatur

246 813 368 853 polleat
392 814 570 849 clementia.
931 819 1123 858 sempiterno
1143 829 1282 854 munere.

543 873 574 905 5.
603 872 746 905 Gloriam
770 874 856 914 patri
881 874 1026 909 melodis.

203 945 276 981 MT3
303 944 381 972 LSd.
409 962 445 965 —
475 943 540 979 1,1
568 955 675 983 mag-ne
700 957 796 976 rerum
822 948 899 977 LSd.
928 963 963 967 —
986 946 1011 983 1,
1034 946 1051 976 3
1071 950 1104 975 V
1110 951 1176 978 uita
1209 952 1295 986 signa
1317 952 1382 980 MT.
1403 968 1440 973 --

131 980 154 1015 1,
175 980 194 1009 4
220 967 290 1010 ver⁷0
317 984 457 1017 stigmate
482 983 558 1011 LSsl
585 1001 622 1004 —
651 983 675 1019 1,
697 984 714 1013 5
740 986 857 1014 fabente
883 987 948 1014 ΜΤ.
975 1002 1013 1006 -
1043 985 1067 1019 1
1089 985 1106 1014 6
1131 987 1194 1025 Adq
1197 997 1232 1016 uc
1257 997 1308 1024 reg
1311 998 1354 1017 em
1373 990 1438 1023 MT,

127 1002 203 1048 L’Sd.
232 1036 266 1040 —-
289 1018 353 1056 2,1
375 1022 488 1049 Provee
506 1022 572 1050 MT.
594 1038 628 1043 —
651 1005 678 1056 4'‚
700 1021 718 1049 2
738 1033 827 1060 quum
848 1025 943 1052 beatis
962 1025 1027 1052 MT.
1049 1040 1086 1044 —
1108 1024 1134 1058 5,
1159 998 1269 1054 quehit
1287 1014 1359 1062 §11¹3
1388 1029 1440 1055 das

127 1059 247 1086 weitere
266 1040 340 1086 feh'Jt
358 1059 424 1093 MT,
445 1059 521 1087 LSd.
544 1075 581 1079 —-—
603 1061 660 1089 Cfr.
681 1033 783 1097 Migqne
803 1060 849 1097 86,
871 1061 935 1090 917

574 1161 637 1193 194.
669 1161 705 1193 In
724 1162 876 1194 Natalitio
896 1163 1001 1204 Regis.

142 1230 173 1264 1.
199 1230 286 1263 Anni
310 1234 442 1270 peracto
469 1230 587 1264 circulo
828 1235 859 1266 4.
888 1233 985 1271 Quem
1012 1233 1189 1273 disciplinis
1217 1236 1324 1267 erudis

200 1278 306 1311 Adest
330 1278 400 1310 dies
427 1278 596 1320 celebrior,
887 1280 997 1312 Gratis
1021 1289 1197 1321 perornans
1221 1283 1377 1323 sensibus,

202 1325 319 1358 Natale
340 1326 432 1357 nobis
458 1326 614 1366 principis
886 1328 1075 1361 Maturitate
1099 1329 1251 1368 temporis

199 1373 328 1406 Novans
354 1382 488 1405 recursu
515 1376 680 1415 temporis,
885 1375 1015 1407 Honore
1043 1375 1126 1406 ditas
1149 1377 1246 1416 regio.

137 1440 167 1471 2.
194 1439 262 1478 Quo
287 1439 400 1470 matris
426 1440 498 1471 alvo
523 1441 670 1479 proditus
825 1444 854 1475 5.
882 1441 929 1473 Ob
953 1442 1023 1482 hoc,
1050 1441 1147 1481 Deus,
1172 1445 1205 1473 te
1229 1443 1398 1487 poscimus,

193 1486 288 1519 Diem
313 1487 430 1526 petivit
453 1488 573 1519 saeculi
881 1488 927 1521 Ut
949 1489 1043 1520 huius
1068 1489 1148 1520 assis
1173 1489 1368 1531 quaestibus,

193 1533 354 1574 Lucisque
381 1534 473 1567 huius
499 1535 655 1576 prodigae
883 1536 971 1568 Favc
996 1539 1160 1576 rogantem
1185 1545 1317 1568 munero

191 1582 331 1614 Intravit
357 1585 459 1614 ortum
486 1583 641 1615 nesciens.
881 1583 1045 1615 Poscentis
1070 1584 1202 1616 audiens
1228 1593 1376 1627 precem,

136 1650 167 1681 3.
194 1648 289 1681 Hunc
314 1651 361 1690 tu,
388 1652 514 1682 creator
539 1650 671 1689 optime,
823 1652 854 1684 6.
883 1650 949 1688 Quo
975 1651 1055 1682 lucis
1081 1650 1172 1682 huius
1201 1651 1373 1683 terminum

197 1696 371 1729 Canalibus
396 1696 553 1729 infantiae
883 1698 1107 1729 immaculatus
1132 1701 1278 1729 transeat

197 1744 329 1776 Vectum
356 1753 415 1783 per
440 1753 511 1776 oras
537 1746 714 1784 temporum
879 1744 1001 1776 Metam
1026 1744 1163 1776 labentis
1188 1746 1309 1777 saeculi

191 1791 374 1824 Perfectum
401 1794 494 1831 aptas
518 1791 551 1823 in
579 1792 692 1824 virum.
879 1792 1018 1832 Pergens
1044 1792 1147 1833 gradu
1168 1793 1367 1832 inculpabili.

541 1850 574 1881 7.
600 1848 669 1880 Deo
694 1849 780 1888 patri
805 1850 849 1880 sit
868 1849 983 1889 gloria.

192 1925 267 1959 MT;
293 1923 370 1951 LSd.
399 1939 434 1943 -—
466 1920 528 1957 1,1
554 1923 694 1959 perhacto
722 1924 788 1951 ΜΤ.
810 1940 847 1944 ——
869 1922 893 1954 1,
898 1922 934 1990 ΑΞ2
953 1924 1031 1952 Ades
1051 1924 1116 1951 MT.
1138 1939 1174 1942 —
1199 1923 1222 1959 1,
1243 1922 1262 1951 4
1283 1925 1370 1952 Noba
1392 1934 1422 1953 re

118 1964 195 1990 cursi
223 1963 290 1990 MT.
316 1976 356 1980 ——
383 1960 409 1995 2,
431 1960 449 1990 3
476 1931 573 1989 11111115
595 1971 647 1997 pro
676 1961 725 1989 dic
750 1962 815 1990 MT.
838 1976 878 1982 -—
918 1961 960 1994 ,1
983 1963 1093 1991 obtime
1111 1962 1177 1989 MT.
1203 1976 1242 1981 ——
1262 1960 1289 1995 3,
1309 1961 1329 1990 4
1349 1964 1433 1991 abtas

114 2001 179 2028 MT.
201 2016 240 2020 -—
260 1998 360 2029 st124
379 2000 453 2028 fehlt
472 1999 606 2027 1181-
625 1998 653 2033 4,
676 1997 694 2026 2
714 2000 813 2028 Gratis
835 2008 976 2037 peragens
997 2000 1061 2029 MT.
1087 2015 1119 2019 —
1139 1999 1165 2034 5,
1181 1999 1199 2029 3
1222 2001 1296 2029 libe
1320 2002 1385 2029 MT.

115 2038 172 2067 Str.
193 2037 211 2067 6
230 2038 306 2067 fehlt
323 2039 408 2066 ΜΤ.
432 2036 482 2070 -7,
501 2035 516 2064 1
537 2039 578 2065 sit
596 2038 694 2074 gloria
713 2046 778 2074 sqq.
797 2011 872 2067 fehplt
892 2039 1044 2074 lisa-<150
1064 2047 1157 2074 ganze
1177 2039 1344 2075 Doxologie
1363 2039 1438 2067 fehlt

114 2077 178 2104 MT.
199 2092 237 2096 —
258 2077 315 2105 Cfr.
335 2077 438 2112 Migne
458 2073 504 2109 86,
526 2073 581 2103 917
602 2084 645 2111 sq.

504 2167 565 2199 195.
597 2168 631 2200 In
652 2168 849 2201 profectione
870 2169 1047 2201 Exercitus.

358 2240 390 2273 1.
419 2240 444 2273 O
470 2247 580 2270 verum
606 2239 759 2281 regimen,
786 2240 921 2282 Christe,
948 2239 1100 2280 fidelium,

416 2287 476 2326 Qui
502 2286 578 2330 vita,
604 2287 657 2319 via
683 2296 715 2319 es
741 2297 780 2320 ac
803 2289 858 2328 pia
883 2288 1012 2328 veritas,

414 2335 572 2367 Lustra-ns
599 2335 771 2375 conspicuo
795 2336 915 2368 lumine
940 2334 1098 2370 credulos,

535 2382 717 2416 obscurans
743 2392 867 2424 quoque
891 2381 1042 2423 perfidos.
