1650 2610
357 219 410 252 112.

356 422 409 455 13.

355 625 411 659 14.

354 827 410 859 15.

359 1032 410 1063 16.

355 1233 409 1265 17.

353 1438 408 1470 18.

354 1640 409 1673 19.

352 1845 408 1876 20.

351 2049 408 2082 21.

710 126 971 161 *165—

436 219 587 253 Matrona
611 222 717 266 vidua,
747 222 832 254 dicta
857 223 1009 264 Melania,

436 266 596 305 Quartano
623 271 729 302 valido
752 268 814 301 fuit
837 272 936 311 typho
961 272 1078 312 saucia,

435 314 533 353 Quam
559 316 634 348 dum
657 317 801 358 Eugem‘a
826 318 894 350 oleo
918 319 1022 359 linuit,

436 361 566 393 Omnem
592 364 788 404 nigredinem
813 363 899 396 fellis
925 367 1070 398 evomuit.

435 422 499 455 Sed
525 433 598 456 mox
624 426 783 465 decipitur
805 434 865 465 per
897 427 1095 467 elegantiam,

434 469 549 502 Sexum
577 472 655 503 dicit
679 473 751 514 viri,
775 481 838 504 non
860 482 929 504 esse
957 473 1124 513 feminam;

434 517 532 556 Quam
559 518 677 551 Christi
702 519 821 551 famula
844 521 951 552 verbis
975 525 1009 552 ut
1034 523 1192 565 increpat,

434 565 570 597 Immitis
591 568 743 599 meretrix
767 567 905 598 iudicem
929 569 1051 601 incitat.

436 625 498 657 Est
519 635 632 659 saevus
657 628 790 666 iuvenis,
814 629 870 668 ait,
900 629 934 660 in
960 630 1120 670 coenobio,

433 673 549 705 Fallax
574 675 680 713 opinio
706 683 798 714 quem
822 676 980 707 medicum
1005 679 1107 714 vocat,

432 715 463 750 A
487 728 558 760 quo,
581 724 616 753 ut
640 723 797 757 mederer,
827 723 901 753 dum
925 727 999 761 peto
1024 724 1185 764 languida,

433 765 580 798 Foedare
603 769 705 799 voluit
728 769 870 800 membra
893 770 1036 804 libidine.

436 826 552 858 Sedem
576 829 748 867 publiciter
771 830 913 869 praesidi
936 835 1143 871 praeparant,

431 874 566 906 Mandat
593 877 766 914 perniciter
791 881 918 908 sanctos
941 879 1104 921 egredere,

434 920 527 953 Stant
552 926 584 953 et
608 923 782 963 carnifices,
809 925 862 964 qui
888 929 983 964 caput
1007 928 1170 966 amputent

434 968 557 1000 Iactent
582 973 613 1001 et
639 972 770 1003 canibus
794 974 906 1003 sancta
930 973 1096 1005 cadavera.

435 1030 489 1061 Ad
513 1031 593 1062 haec
616 1032 792 1072 nigredinis
824 1032 910 1063 dic-ta
932 1033 1075 1065 Melania

433 1078 593 1110 Ancillam
620 1079 715 1111 obicit
740 1081 855 1110 testem
880 1078 1062 1123 fanaticam,

431 1124 495 1155 Sed
520 1134 594 1157 mox
615 1126 758 1166 Eugenia
783 1129 871 1157 veste
896 1127 1043 1166 deposita

433 1171 517 1203 Sexu
541 1171 676 1205 femineo
700 1173 839 1205 iudicem
864 1175 1059 1214 comprobat.

434 1234 589 1273 Agnoscit
613 1235 676 1266 iam
700 1237 794 1274 pater
817 1237 959 1266 materve
980 1234 1088 1278 filiam,

433 1280 565 1313 Fratres
591 1282 813 1322 congratulant
837 1285 932 1321 atque
954 1284 1086 1323 familia,

434 1328 590 1360 Ornantes
613 1330 724 1361 habitu
748 1330 852 1360 textili
877 1338 972 1361 aureo

431 1376 656 1416 Attolluntque
678 1377 791 1408 throno
818 1385 885 1407 eam
909 1377 943 1408 in
967 1378 1079 1410 arduo.

435 1436 539 1468 Tanta
561 1438 594 1468 in
617 1438 735 1477 populo
760 1438 864 1476 gratia
886 1438 1016 1478 ingruit,

431 1484 476 1516 Ut
501 1493 609 1515 omnes
635 1485 738 1516 colere
760 1484 823 1515 iam
848 1484 951 1515 Deum
975 1486 1128 1519 indicent.

431 1530 541 1562 Sancti
564 1532 607 1563 ad
630 1532 762 1572 propria
785 1531 919 1563 redeunt
945 1533 1035 1574 atria,

433 1578 527 1610 Plebs
554 1582 603 1610 est
628 1579 783 1611 catholica
808 1579 936 1611 reddita
960 1579 1072 1615 libera.

435 1639 621 1672 Praefectus
645 1642 773 1672 lavacro
797 1640 872 1671 ilico
893 1641 1028 1681 tingitur

434 1687 511 1719 Cum
538 1687 664 1719 Christo
688 1688 818 1727 placida
844 1688 975 1728 coniuge
1000 1687 1133 1720 Claudia

432 1734 477 1766 Et
502 1743 571 1767 cum
595 1735 781 1775 pignoribus
806 1739 902 1774 atque
929 1734 1070 1778 familiis,

433 1781 539 1822 Papas
565 1783 711 1814 continuo
736 1781 821 1814 idem
848 1782 984 1823 eligitur.

434 1843 498 1875 Hic
519 1847 686 1885 postquam
709 1844 863 1884 populum
888 1844 929 1875 ad
954 1843 1050 1876 fidem
1074 1844 1196 1887 imbuit,

432 1891 511 1923 Post
533 1891 625 1925 offert
649 1891 785 1924 Domino
810 1901 893 1931 pura
916 1892 1077 1936 libamina,

433 1939 511 1970 Post
536 1940 592 1971 dat
614 1939 809 1980 pauperibus
831 1940 1012 1971 innumeras
1037 1948 1123 1983 opes,

434 1986 553 2018 Christi
575 1988 762 2027 martyrium
786 1987 821 2018 in
844 1996 925 2027 pace
947 1987 1084 2028 perficit.

433 2049 488 2080 Ad
512 2049 620 2080 sedem
644 2050 763 2081 remeat
788 2048 919 2081 Claudia
942 2050 1108 2090 propriam

430 2097 528 2128 Avito
554 2097 685 2137 pariter,
711 2097 821 2136 Sergio
845 2095 920 2128 filiis

429 2144 475 2175 Et
500 2153 566 2175 cum
593 2144 745 2188 Eugenia,
774 2144 870 2176 Proto
895 2144 1089 2178 Iaczinthove.

430 2191 541 2223 Manet
568 2192 750 2224 christicola
771 2192 872 2224 omnis
897 2191 1029 2225 familia.

433 2253 553 2294 Quibus
577 2254 704 2286 siderea
727 2254 831 2295 gratia
853 2255 1028 2295 praestitit,

429 2302 475 2335 Ut
496 2303 617 2335 multae
639 2303 755 2334 viduae
781 2301 947 2334 Claudiam
972 2303 1152 2342 assequant,

431 2351 485 2383 Sic
510 2353 543 2381 et
565 2350 741 2391 Eugeniam
766 2350 890 2382 nobiles
914 2351 1078 2391 innuptae,

429 2398 493 2431 Sed
519 2400 650 2432 Protum
673 2399 803 2431 iuvenes
828 2399 922 2430 simul
945 2398 1175 2431 Iaeinthumve.
