1650 2610
337 219 369 251 6.

325 1184 383 1218 10.

327 1426 381 1458 11.

328 1668 382 1699 12.

324 1910 377 1943 13.

325 2154 379 2186 14.

663 130 707 135 —
758 108 920 143 146—-

395 218 531 256 Quorum
556 216 662 247 oblata
688 214 760 245 dum
785 213 893 244 litaret
915 210 1081 241 immolans

395 264 491 295 Sacer
512 263 653 300 antistes,
678 260 798 291 meritis
819 257 982 298 insignior,

398 311 521 350 Agnum
547 312 652 340 astare
677 307 778 338 cernit
800 304 863 336 sibi
886 304 1055 336 Dominum

397 357 576 396 Signantcm
602 356 714 392 locum,
742 360 831 392 quem
857 354 893 382 ut
916 350 1001 382 idem
1026 350 1171 390 pupugit,

393 403 489 434 Elicit
513 402 630 433 undam
656 399 844 431 adfluentem
870 399 902 429 in
926 395 1067 428 fiuvium.

393 459 481 489 Haec
504 457 589 489 fama
614 460 741 487 cunctas
766 463 824 494 per
848 462 959 494 gyrum
985 452 1166 492 provincias

395 504 559 544 Complens
583 500 684 545 [mox]
708 502 818 542 plebes
839 502 880 532 atl
908 500 1100 531 credendum
1127 498 1253 538 excitat,

392 552 476 589 Quae
502 548 691 581 confluentes
715 550 861 588 suscepto
887 548 1078 587 baptismate

396 597 529 636 Cupiunt
555 605 695 627 normam
721 594 796 627 fidei
822 594 995 626 catholicae

395 643 539 676 condunt
564 646 595 673 et
619 643 714 675 aedes
740 642 951 684 quindecenas
977 640 1151 681 quinquies.

393 699 438 731 Ob
462 699 521 731 hoc
547 701 708 730 crescente
732 698 855 730 aemula
878 698 999 729 invidia

398 744 592 778 Profundum
615 746 711 777 maris
735 746 889 786 mergitur
912 753 981 775 cum
1006 753 1141 783 ancora;

394 792 445 824 lbi
469 793 616 825 humatur
639 794 809 832 sepulcrali
837 800 970 828 camera,

395 840 431 871 In
457 848 518 879 qua
541 844 708 880 receptus;
734 842 835 871 exstat
862 848 945 870 nunc
971 838 1115 876 ecclesia,

396 886 459 918 Ubi
487 885 598 918 fideles
624 885 784 919 confluunt
808 895 866 926 per
891 886 1027 918 saecula.

361 968 368 975 .
394 942 452 981 Qui
476 951 569 974 cursu
593 943 667 974 anni
690 945 792 974 tectus
817 951 900 981 aqua
923 941 1032 973 valida

395 989 471 1021 Alto
496 990 529 1021 in
553 990 633 1021 mari
658 990 767 1021 subtus
792 989 893 1021 undas
917 988 1043 1027 latitat,

399 1035 496 1067 Cuius
517 1044 683 1068 recurrens
706 1046 808 1068 annua
831 1034 987 1066 festivitas

396 1082 560 1114 Recedens
582 1091 670 1114 mare
695 1082 763 1114 fere
787 1084 851 1115 tria
873 1082 962 1113 milia

395 1129 458 1160 Per
482 1134 603 1170 septem
630 1129 697 1161 <lies
724 1130 790 1162 vias
815 1130 949 1169 praebet
974 1127 1121 1167 fulgidas.

409 1184 502 1217 Cuius
526 1186 706 1224 sepulcrum
732 1186 817 1217 velut
842 1194 950 1217 aurum
977 1184 1098 1222 rutilat,

404 1232 532 1263 Ancora
557 1233 630 1263 colli
653 1235 689 1263 ut
714 1236 878 1272 argentum
903 1232 1035 1270 emicat3

403 1277 497 1310 Facit
520 1280 652 1311 virtutes
676 1288 736 1318 per
759 1278 871 1311 fideles
896 1279 1013 1318 petitas

405 1325 544 1364 Agentes
569 1325 636 1357 Deo
662 1325 780 1365 gratias
806 1326 1017 1367 multimodas,

404 1370 462 1408 Qui
485 1374 628 1410 praestat
650 1372 769 1403 sanctis
793 1375 883 1404 tanta
906 1372 1075 1404 mirabilia.

407 1426 453 1457 Te
478 1435 562 1467 ergo,
591 1427 743 1467 Clemens,
769 1431 890 1466 martyr
914 1428 1006 1469 alme,
1032 1429 1193 1467 supplices

404 1473 525 1512 Agonis
549 1474 596 1504 tui
621 1474 818 1505 celebrantes
842 1474 967 1513 gaudia,

404 1519 451 1550 Te
476 1519 629 1552 hodierno
653 1521 811 1560 poscimus
838 1529 907 1551 cum
931 1518 1067 1562 fletibus,

410 1566 453 1598 Ut
477 1566 541 1597 reis
566 1567 656 1606 assis,
681 1575 848 1599 succurras
872 1567 1063 1608 labentibus,

402 1612 453 1643 Ac
475 1621 534 1651 per
558 1616 591 1644 te
616 1613 728 1652 culpae
753 1622 914 1645 careamus
938 1614 1069 1646 cumulo.

407 1668 563 1707 Exemplo
589 1672 642 1700 tuo
668 1669 752 1701 versi
776 1678 796 1700 a
819 1668 979 1709 peioribus

402 1715 457 1746 Ad
481 1716 612 1747 meliora
637 1716 863 1748 contendamus
886 1717 1011 1757 iugiter,

407 1761 581 1801 Optimiora
605 1762 778 1794 ambientes
804 1763 928 1802 dignius

403 1808 557 1840 Mandata
583 1809 667 1841 vitae
691 1818 861 1849 servemus,
887 1809 1010 1842 felicius

404 1855 450 1887 Ut
472 1858 546 1895 post
572 1860 749 1888 sanctorum
774 1857 948 1888 adunemur
974 1858 1123 1891 coetibus.

405 1911 563 1943 Christum
588 1921 743 1952 rogemus,
765 1913 895 1945 verbum
923 1915 1022 1953 patris
1047 1915 1185 1955 unicum,

401 1957 445 1988 Et
470 1957 669 1990 obsecremus
694 1960 870 2000 almumque
899 1961 1068 2001 espiritum,

402 2003 447 2036 Ut
469 2005 579 2037 mundi
604 2006 716 2045 procul
739 2005 864 2039 auferat.
886 2008 1081 2048 iactantiam,

404 2051 562 2083 Virtutum
589 2053 680 2084 nobis
710 2054 803 2085 donet
829 2054 1065 2094 abundantiam,

402 2098 464 2129 Per
488 2107 583 2137 quam
606 2102 767 2131 aeternam
792 2110 967 2132 mereamur
992 2103 1133 2142 gloriam.

408 2153 517 2186 Gloria
541 2156 636 2196 patri,
662 2156 764 2195 gloria
787 2157 830 2188 sit
848 2156 925 2198 filio,

402 2200 514 2233 Gloria
538 2205 646 2234 sancto
671 2204 857 2242 procedenti
881 2206 1004 2249 spiritu,

403 2247 461 2286 Qui
483 2248 568 2281 Deus
592 2259 671 2281 unus
696 2251 776 2291 regit
801 2252 911 2283 mundi
935 2254 1121 2297 machinam,

400 2294 548 2335 Disponit
575 2301 687 2328 cuncta
710 2298 902 2330 revolvenda
926 2303 1070 2341 tempora

401 2342 563 2383 Tenetque
584 2353 713 2384 regnum
739 2345 895 2386 perpetim
920 2356 979 2387 per
1004 2352 1141 2384 saecula.
