1650 2610
705 148 960 182 -238-

428 246 480 280 12.
508 247 571 278 Zoe
595 245 697 282 beata,
723 245 810 274 muta
834 251 914 282 quae
938 243 1158 281 permanserat

505 292 561 324 Bis
587 292 684 323 ternis
709 289 810 329 anuis,
838 290 939 321 cernit
963 289 1108 329 angelum
1132 288 1193 320 Dei

503 339 637 371 Librum
661 341 778 375 tenere,
807 337 847 368 de
870 345 930 375 quo
953 336 1053 368 verba
1075 334 1219 375 protulit,

505 386 689 418 Sebastiano
716 392 817 415 eoram
844 383 908 414 suis
933 383 1071 422 visibus3

506 432 648 465 Clamore
672 431 757 464 vocis
783 431 977 462 conditorem
1000 431 1145 462 invocat:

425 509 476 541 13.
503 508 619 539 Beatus
646 509 693 538 est
718 505 849 537 credens
874 505 936 536 tuis
961 505 1170 545 sermonibus,

505 554 688 585 Sebastiane
712 561 824 592 magne
848 555 877 583 et
906 552 1080 591 mirabilis;

504 600 610 632 Dixit:
636 601 706 633 Iam
731 600 825 631 eredo
851 599 962 641 Deum,
989 599 1050 631 Dei
1075 598 1174 630 filium

504 648 672 685 Christum,
700 647 753 687 qui
777 655 878 677 meum
896 646 1010 686 pandit
1035 655 1069 677 os
1095 644 1256 683 velociter,

505 695 551 727 Ut·
573 695 698 726 laudem
724 693 813 724 illum
837 694 869 724 in
896 702 1033 733 superna
1058 693 1172 732 patria.

427 771 481 803 14.
508 773 594 809 Quae
618 779 677 801 vox
701 771 808 808 potest
831 769 942 800 laudes
964 771 1046 808 tuas,
1071 768 1168 804 Deus,
1195 767 1290 806 loqui,

507 818 593 855 Quae
620 817 758 856 cogitare
781 824 869 846 mens
894 816 977 847 valet
1001 812 1201 854 potentiam?

507 864 574 895 Tuo
598 862 711 903 repleti
736 865 892 902 martyres
916 871 989 894 mox
1013 860 1140 893 flamine

508 910 561 942 Ad
585 911 762 949 passionem
787 912 962 948 properant.
983 909 1132 951 interriti,

509 956 554 989 Ut
577 959 609 987 te
633 955 779 988 fruantur
803 964 922 987 summo
948 959 979 987 et
1004 956 1085 987 bono
1110 955 1189 987 Deo.

429 1033 483 1064 15.
509 1032 554 1063 Te
580 1032 750 1063 adiuvante
773 1033 929 1070 martyres
955 1030 1058 1062 effecti
1083 1033 1167 1068 sunt,

511 1077 573 1109 Per
598 1086 720 1109 servum
746 1080 833 1108 tuum
857 1078 943 1116 pium
969 1080 1000 1108 et
1024 1076 1256 1108 sanctissimum

512 1125 740 1165 sebastianum,
766 1124 898 1155 militem
924 1122 1139 1161 fortissimum,

509 1172 571 1203 Per
595 1181 671 1210 quos
695 1179 840 1210 rogamus
864 1169 996 1210 flebiles,
1021 1174 1057 1202 ut
1081 1171 1192 1203 audias

511 1218 644 1249 Nostras
669 1225 780 1258 preces
803 1226 964 1257 noxasque
989 1227 1096 1249 omues
1121 1219 1276 1256 amputes.

271 1301 335 1327 MT.
357 1317 393 1320 —-
418 1299 443 1334 3,
465 1299 482 1328 3
508 1302 558 1337 qui
584 1303 722 1328 viximus.
748 1315 783 1318 —
803 1299 829 1333 4,
852 1299 868 1326 2
892 1302 938 1328 Τυ.
957 1310 1010 1328 nos
1030 1301 1116 1336 doce,
1137 1301 1212 1328 fobe.
1233 1315 1270 1319 —
1290 1298 1317 1334 4,
1338 1298 1356 1327 3
1377 1309 1490 1335 promp-

195 1341 233 1366 tis
252 1339 346 1365 imam.
367 1352 402 1356 --
419 1337 445 1371 4,
459 1337 478 1365 4
498 1341 634 1372 mentmm
654 1338 778 1366 nabiter.
855 1337 880 1372 5,
900 1337 913 1366 1
934 1339 1068 1366 iusserat.
1089 1354 1126 1358 —
1148 1337 1173 1372 6,
1188 1336 1206 1366 3
1226 1339 1311 1365 vobis
1334 1341 1363 1365 et
1380 1338 1432 1365 fili.
1452 1354 1491 1358 —

196 1374 222 1410 3,
241 1373 258 1402 4
281 1375 382 1410 adque.
458 1374 483 1409 3,
505 1374 522 1403 5
544 1377 694 1404 Dominus.
726 1392 747 1395 --
772 1374 798 1404 9.
812 1382 829 1401 n
850 1378 980 1403 sanetum
1005 1377 1108 1404 ualunt.
1193 1374 1234 1409 10,
1252 1374 1264 1403 1
1287 1378 1433 1403 resonant.
1454 1391 1490 1395 —

199 1411 241 1446 10⁷
261 1411 278 1439 23
298 1421 334 1438 zu
352 1413 503 1440 umbribus
528 1414 612 1449 rergl.
633 1415 673 1441 im
692 1413 845 1448 folgenden
867 1415 999 1448 Hymnus
1019 1412 1045 1448 2,
1070 1414 1099 1449 1;
1125 1414 1151 1446 5,
1173 1412 1204 1448 33
1237 1412 1278 1446 14,
1299 1412 1326 1442 4.
1368 1427 1383 1431 -
1407 1412 1451 1446 11,
1471 1411 1489 1441 3

195 1453 224 1477 te
243 1449 337 1476 valde.
384 1465 394 1469 -
416 1448 458 1482 1‘2,
480 1449 503 1482 1,
525 1454 669 1487 mutaque.
748 1449 792 1484 12,
816 1449 834 1476 2
862 1453 946 1478 annis
973 1451 1052 1478 fehlt.
1078 1467 1115 1471 ι
1138 1449 1181 1484 12,
1202 1449 1221 1478 4
1247 1451 1424 1479 Sebastiam.
1450 1466 1487 1470 -—

196 1485 238 1520 13,
259 1485 279 1513 4
299 1486 501 1523 Clu·istumque¹
521 1497 623 1515 meum.
639 1503 676 1507 —
700 1486 740 1519 15,
762 1485 779 1515 3
800 1488 1011 1524 Sebastianum.
1091 1490 1147 1517 Cfr.
1168 1489 1268 1525 Migne
1288 1487 1333 1523 86,
1357 1487 1423 1516 2590.

613 1597 670 1628 167.
702 1596 734 1627 ln
756 1598 854 1627 sancti
876 1597 1063 1628 sebastiani.

454 1686 483 1717 1.
510 1685 612 1717 Adest
637 1685 703 1716 dies
727 1687 912 1724 percompta
935 1686 1063 1717 summis
1088 1686 1220 1725 gaudiis,

511 1733 607 1771 Quam
635 1732 814 1764 devoratam
838 1734 1013 1771 martyrum
1039 1733 1180 1765 vieloriis

510 1779 640 1818 Excipit
663 1781 773 1810 saneta
797 1778 910 1810 devota
932 1780 1074 1822 ecelesia,

511 1826 557 1858 Ob
582 1826 643 1857 hoe
669 1827 817 1857 decenter
837 1826 871 1857 in
895 1826 1005 1858 laudes
1030 1827 1176 1859 altissimi

511 1872 668 1912 Hymnum
695 1881 874 1912 promamus
900 1874 1030 1906 canticis
1055 1874 1256 1908 harmonicis.

453 1949 483 1979 2.
512 1948 573 1979 Hie
599 1948 646 1979 vir
670 1949 795 1979 illuster
819 1949 939 1980 meritis
964 1958 1002 1981 ae
1028 1950 1177 1983 verbibus

512 1995 561 2026 Ab
586 1995 743 2027 idolorum
769 1995 904 2027 cultibus
929 1995 1059 2029 nefariis

510 2042 623 2074 Plebes
650 2042 806 2074 convertit
830 2043 946 2075 divinis
971 2045 1118 2082 oraculis,

511 2089 656 2121 Cultores
679 2089 790 2121 reddit
812 2088 889 2121 fidei
913 2091 1089 2123 catholicae

510 2135 555 2167 Et
579 2138 734 2168 amatores
759 2134 899 2168 fervidos
924 2139 1079 2178 martyrii.

454 2212 484 2244 3.
512 2211 661 2251 Prompto
679 2219 821 2243 carorum
847 2210 981 2244 fratrum
996 2217 1160 2247 nutantem
1186 2215 1323 2246 animum

511 2257 617 2290 Affatu
641 2257 746 2290 firmat
768 2258 889 2290 salubri
914 2261 1064 2301 oramine,

514 2306 683 2338 Parentum
709 2314 841 2348 quoque,
869 2308 1095 2349 coniugumque
1115 2308 1258 2341 subolum

514 2353 620 2393 Atque
646 2361 787 2385 cai-mum
812 2352 972 2386 infidelem
997 2356 1133 2388 animum

516 2400 609 2433 Fidei
633 2402 761 2433 sanetae
785 2401 978 2441 mancipavit
1002 2404 1108 2437 cultui.
