1650 2610
697 157 952 192 —158——

383 255 438 287 14.
465 254 582 287 Gavisa
608 252 731 286 caelebs
758 252 831 284 dum
855 260 895 283 ex
918 251 979 282 hoc
1003 251 1200 291 persisteret,

464 301 597 333 Luenda
620 300 730 341 poenis
755 299 943 331 sublimatur
967 298 1086 338 stipite,

460 348 641 380 Dilaniatur
664 346 771 386 flagris
796 348 891 386 atque
914 345 1057 385 ungulis;

461 395 613 426 Libenter
636 392 760 434 perfert
784 392 870 424 faces
894 392 928 423 in
952 391 1105 423 lateribus

460 442 513 474 Ad
538 442 659 481 palmas
684 440 773 472 vultu
797 447 971 479 properans
992 438 1133 471 hilarior.

383 509 436 541 15.
462 507 671 539 Atrocitatem
697 513 903 545 supergressa
924 504 1080 543 praesidis

464 553 654 593 Spiculatori
679 552 864 592 perimenda
887 552 1037 590 traditur,

460 601 608 640 Nuptura
631 608 779 639 sponsum
803 599 865 631 iam
894 598 1023 630 coheres
1047 600 1234 637 martyrum,

461 647 529 679 Sibi
552 647 674 686 petenti
698 645 843 678 Theufilo
869 645 1057 678 scholastico

460 694 595 725 Munere
619 694 714 725 misso
739 693 902 725 laureatur
927 693 1087 733 sanguine.

387 761 436 792 16.
464 759 492 791 Ε
516 760 665 798 paradiso
690 759 847 791 destinata
870 766 1001 790 munera

459 805 622 838 Theufilus
646 814 770 837 sumens
792 806 968 837 admiratur
991 805 1138 844 stupidus

463 853 570 884 Trium
595 854 749 884 malorum
775 853 825 885 vel
850 852 992 885 rosarum
1018 852 1170 891 suavium,

460 899 596 938 Quorum
621 898 741 932 adflatu
762 902 931 931 renovatus
956 899 1062 931 vivido

462 945 626 978 Credendo
652 947 763 978 laudat
786 947 956 985 Christum,
983 946 1043 977 Dei
1068 943 1179 977 filium.

383 1012 438 1043 17.
465 1012 542 1044 oum
569 1014 653 1042 esset
673 1011 748 1042 olim
774 1011 876 1042 crucis
902 1010 1020 1042 Christi
1047 1010 1179 1053 derisor,

462 1056 632 1090 Confessor
657 1056 760 1089 factus
785 1060 917 1097 repente
940 1057 1123 1096 potissimus

459 1103 581 1135 Diffuso
608 1112 665 1136 ore
691 1103 874 1136 crucifixum
897 1104 1088 1143 praedicans

462 1150 708 1182 simulacrorum
732 1150 940 1191 imposturam
963 1152 996 1183 in
1020 1149 1163 1183 flammas

459 1197 599 1230 Funesto
626 1206 732 1230 coram
755 1198 904 1239 praeside
927 1198 1138 1237 praenuntiat.

383 1264 439 1298 18.
465 1264 555 1295 Tunc
578 1263 687 1295 furens
711 1263 808 1296 iudex
830 1264 915 1295 hunc
940 1264 1025 1295 sistit
1049 1263 1156 1296 eculeo

460 1309 675 1343 Afficiendum
700 1312 811 1349 poenis
836 1310 1024 1349 noxialibus,

460 1356 556 1394 Quem
580 1360 618 1387 ut
639 1357 779 1388 advertit
804 1358 893 1388 vultu
916 1357 1168 1397 imperterritum

461 1403 511 1432 Ac
534 1403 729 1440 pertinacem
753 1403 786 1434 in
810 1403 875 1434 fide
899 1404 1082 1443 persistere,

459 1447 592 1478 Perimit
617 1457 691 1479 ense
715 1457 788 1479 mox
814 1449 957 1480 effectum
983 1454 1165 1489 martyrem.

382 1512 438 1543 19.
466 1511 512 1543 Ob
537 1511 606 1553 hoc,
634 1513 825 1550 redemptor,
852 1513 1013 1552 supplices
1040 1516 1239 1552 exposcimus

461 1557 514 1596 Ut,
541 1558 656 1596 quique
679 1558 791 1589 horum
817 1559 1047 1598 congaudemus
1073 1562 1195 1593 meritis

458 1603 503 1634 Et
528 1603 608 1634 diem
636 1603 750 1635 festum
775 1605 881 1637 votive
905 1607 1087 1646 excolimus,

459 1649 510 1680 Ab
538 1649 587 1681 his
614 1649 736 1682 defensi
762 1660 922 1683 careamus
948 1654 1032 1685 vitiis

458 1695 694 1737 Expiemurque
719 1699 838 1730 cunctis
860 1708 880 1730 a
907 1699 1062 1740 deliquiis

1242 1541 1250 1556 7

382 1762 436 1793 20.
461 1761 505 1793 Hi
530 1770 652 1802 quoque
676 1765 792 1796 nostris
817 1763 954 1797 favendo
979 1767 1116 1799 miseriis

460 1807 686 1847 Compatiendo
713 1814 745 1842 et
769 1812 1010 1845 necessitatibus

459 1855 588 1887 Cunctis
613 1857 764 1888 assistant
785 1859 912 1898 patroni
935 1861 1066 1901 assidui,

458 1902 504 1935 Ut
529 1911 612 1934 nunc
637 1907 762 1943 ereptos
787 1905 826 1937 ab
853 1906 1101 1939 adversitatibus

456 1949 603 1981 Victuros
628 1959 733 1981 secum
758 1953 935 1991 provehant
959 1955 1001 1986 ad
1025 1957 1210 1994 praemium.

377 2015 432 2047 21.
458 2014 589 2047 Praesta
613 2025 700 2055 quae,
727 2026 848 2049 summa
870 2019 985 2060 unitas,
1011 2021 1154 2060 potentia

458 2061 594 2102 Summa,
621 2072 700 2102 quae
723 2066 806 2104 regis
830 2067 1026 2099 saeculorum
1053 2071 1189 2112 saecula,

460 2108 508 2141 Ut
531 2110 563 2139 te
587 2108 730 2141 fruamur
753 2112 823 2143 sine
843 2111 907 2144 fine
931 2116 1118 2158 temporum,

461 2154 531 2187 Lux
556 2157 746 2197 angelorum,
774 2161 805 2190 et
831 2160 882 2191 die
905 2162 1076 2200 perennius

457 2201 510 2234 Sol
533 2202 603 2242 ipse
625 2204 715 2235 nobis
740 2206 846 2246 vigeas
870 2211 1053 2247 perpetuus.

185 2320 191 2329 A
280 2285 346 2328 MT:
366 2301 399 2304 —-
424 2283 448 2319 1,
462 2283 479 2313 3
498 2285 571 2313 Fide
591 2296 717 2314 sumens.
738 2302 772 2307 ——
794 2287 819 2323 2,
835 2287 852 2317 3
872 2290 1041 2321 fundabere.
1055 2309 1093 2313 -
1106 2292 1135 2328 2,
1149 2294 1166 2323 5
1179 2296 1280 2324 Enixa
1292 2306 1440 2333 sponsum.
1456 2314 1493 2317 —

184 2321 210 2354 ,3,
235 2321 249 2350 1
274 2323 309 2349 In
336 2322 484 2350 infolatus.
511 2339 547 2343 -
573 2322 600 2358 3,
623 2323 640 2353 3
664 2326 700 2352 In
726 2327 915 2355 confessores.
945 2345 981 2349 —
1008 2329 1035 2366 3,
1057 2330 1074 2359 5
1100 2332 1139 2359 Se
1169 2337 1349 2371 perceptura.
1369 2352 1407 2356 —
1427 2336 1454 2370 4,
1479 2336 1493 2364 1

185 2360 265 2388 Hinc
285 2360 411 2388 odierno.
425 2376 461 2380 —-
475 2360 502 2398 4,
521 2360 538 2389 5
558 2364 608 2390 tuo
623 2363 701 2391 idem
713 2363 847 2392 lucravit.
860 2381 891 2385 —
911 2366 937 2400 5,
953 2367 970 2395 2
984 2370 1041 2396 hac
1057 2378 1198 2398 rosarum.
1215 2387 1249 2391 —
1265 2371 1291 2407 5,
1307 2371 1325 2401 3
1340 2375 1492 2403 Callistem

187 2398 426 2434 Christetemque.
452 2415 489 2419 -——
510 2397 535 2434 5,
557 2397 574 2427 5
595 2401 717 2429 Teufilo.
742 2416 776 2421 -
797 2402 824 2439 6,
847 2402 862 2431 1
883 2407 1017 2435 certatris
1037 2409 1176 2437 Dorotea.
1196 2425 1235 2429 —
1256 2410 1282 2445 6,
1303 2409 1321 2439 3
1341 2413 1398 2440 hac
1417 2422 1493 2441 mar-
