1650 2610
384 214 415 245 6,

360 1007 414 1041 10.

362 1205 416 1239 11.

362 1405 415 1439 12.

140 2161 170 2195 1.
198 2162 223 2195 O
251 2162 411 2193 caelorum
436 2161 520 2193 alme
543 2161 705 2202 princepe,

245 2209 389 2242 Michael
412 2208 589 2248 potissime,

200 2257 322 2289 Summi
346 2257 431 2297 regis
458 2255 575 2289 Christi
601 2264 740 2289 summus
889 2255 1146 2288 Dominationum
1171 2261 1245 2285 arce

245 2306 449 2346 portitorque
473 2303 598 2341 rutilus,

196 2353 302 2393 Hagie
326 2353 388 2391 bis‚
413 2353 615 2390 nuncupatus

245 2400 398 2442 michael,
426 2400 503 2441 Quis
529 2401 565 2430 ut
588 2397 702 2431 Deus?

660 122 916 157 -223-

444 214 508 247 Sed
534 220 662 249 sanctus
687 220 782 258 negat
807 219 882 250 hinc
906 227 941 250 se
965 218 1034 251 fore
1058 228 1131 251 mox
1157 220 1249 251 deum

440 261 579 302 seseque
602 264 728 297 intonat
750 267 876 298 omnino
900 267 1058 298 servulum

442 308 587 341 Greantis
612 312 784 353 minimum,
811 314 915 352 plebis
940 314 1116 353 apostolum

581 358 753 392 Tenentem
780 368 905 401 quoque
928 361 1098 393 saeculum.

408 437 416 443 .
443 412 509 445 Sed
535 415 658 446 caelum
678 416 837 455 aspiciens
860 419 967 449 terrea
991 418 1127 457 despicit

439 459 483 491 Et
510 461 594 493 celsa
617 470 769 496 resonans
793 463 902 496 infima
927 466 1057 507 respuit,

441 508 599 540 Temnens
624 509 780 550 pestifera
804 510 971 552 magnifica
993 513 1117 552 appetit

580 556 626 588 Et
649 556 776 589 Christo
801 560 873 589 rata
896 560 1047 598 suggerit.

407 635 414 641 .
442 611 564 643 Pudica
590 613 720 653 cupiens
746 614 866 654 optima
890 616 1058 654 praedicat

438 658 483 689 Et
509 658 635 691 Christo
660 659 796 692 Domino
821 662 869 692 sic
892 662 946 701 pie
970 663 1140 704 mancipat,

441 707 525 743 Quas
550 706 598 736 1111
626 704 760 738 famulas
786 710 879 740 antea
902 714 1044 748 voverat,

583 753 632 784 Ac
656 757 732 785 vota
755 755 809 793 pia
835 756 983 788 cumulat.

442 809 513 848 (11111ι
538 809 718 842 sacerdotio
745 811 819 841 (lum
843 811 925 843 benc
949 811 1103 853 fungitur,

445 856 600 887 Mucrone
624 856 722 898 gladii
748 858 852 889 subito
878 858 1001 897 feritur,

438 904 488 935 Ac
511 904 631 936 sanctis
655 906 783 943 populis
808 906 937 937 aethere
959 906 1100 947 iungitur

584 951 630 983 Et,
653 952 741 983 caelo
764 952 838 992 pius
860 953 994 987 inditur.

441 1007 506 1039 Hic
529 1008 614 1048 talis,
640 1017 840 1050 quaesumus,
867 1010 1013 1042 conditor
1038 1010 1158 1050 inclite,

438 1054 579 1086 Assistat
604 1054 729 1087 miseris
754 1064 793 1088 ac
817 1057 886 1088 sine
911 1057 1043 1089 crimine

438 1102 507 1134 Nos
532 1102 592 1134 tibi
617 1103 718 1134 societ
741 1103 890 1136 aetherea
914 1104 948 1135 in
973 1105 1059 1143 sede,

583 1149 644 1189 Qui
670 1153 783 1183 cuncta
808 1152 891 1191 regis
915 1151 1036 1184 inclite.

444 1207 511 1239 Nos
538 1206 604 1239 eius
629 1207 751 1238 meritis
777 1206 873 1240 facito
900 1216 1062 1247 compares

441 1253 511 1285 Nec
533 1263 596 1286 non
621 1255 805 1294 precatibus
830 1255 957 1287 reddito
984 1255 1120 1287 caelibes

439 1302 490 1333 Ac
520 1302 613 1333 celsis
638 1302 766 1341 populis
792 1303 922 1334 aethere
946 1303 1075 1342 pariles,

585 1348 775 1381 Sanctorum
798 1358 923 1390 quoque
947 1353 1118 1390 compotes.

441 1406 497 1446 Te,
528 1405 663 1445 Christe,
692 1407 854 1438 celebrent
876 1407 981 1439 omnia
1006 1407 1137 1440 condita

440 1452 562 1485 Telluri
586 1454 738 1494 imposita
762 1454 842 1485 mari
870 1458 903 1485 et
927 1454 1038 1486 abdita

440 1500 499 1532 Vel
526 1504 639 1533 cuncta
660 1501 799 1534 modulis
824 1504 856 1532 et
880 1501 1046 1533 reboantia

581 1550 645 1581 Per
670 1551 783 1581 cuncta
807 1549 865 1580 tibi
892 1550 1029 1583 saecula.

204 1614 240 1641 X.
260 1628 292 1632 —-
321 1612 349 1648 2,
368 1611 388 1641 4
417 1613 532 1642 clarete
552 1614 635 1642 bene.
661 1629 701 1633 ———
727 1613 754 1649 3,
777 1612 791 1640 1
819 1614 979 1650 apostolus.
1007 1630 1043 1634 —
1070 1612 1096 1648 6,
1117 1612 1134 1642 3
1151 1614 1284 1642 nimium.
1314 1629 1347 1632 —
1375 1613 1402 1646 7,
1426 1614 1442 1642 1

128 1653 261 1680 terream.
281 1666 320 1670 —
341 1653 368 1686 ὅ,
392 1650 405 1679 I
428 1653 598 1688 mancipiat.
619 1666 656 1671 ——
676 1652 703 1681 δ’,
723 1651 740 1681 3
761 1654 891 1680 noverat.
912 1666 947 1670 —-
970 1650 995 1685 9,
1017 1651 1035 1679 2
1062 1652 1081 1679 1.
1110 1653 1207 1680 subito
1235 1652 1385 1680 caeditur?
1407 1668 1422 1671 -

131 1688 173 1725 11,
196 1689 214 1717 2
233 1690 295 1718 Nec
315 1699 375 1717 non
394 1691 593 1726 precantibus.
615 1705 649 1710 —
675 1689 718 1721 12,
742 1689 759 1717 2
781 1692 882 1717 maria.
904 1704 940 1709 —
959 1690 1014 1717 cfr.
1035 1690 1138 1726 Migne
1157 1687 1202 1723 56,
1226 1688 1307 1717 1202.

205 1728 443 1756 Beachtcnswert
468 1731 520 1761 ist,
553 1729 617 1756 dass
648 1728 699 1756 der
725 1728 878 1757 Verfaaser
907 1728 957 1755 dev
984 1729 1119 1763 Hymnus
1146 1729 1202 1757 den
1228 1729 1314 1755 Reim
1350 1730 1443 1764 strong

131 1766 303 1794 durchffihrt
318 1767 378 1794 untl
392 1766 528 1794 siehfflich
542 1768 720 1803 wenigsteus
735 1766 874 1800 anstrebt,
889 1768 970 1794 seine
981 1767 1075 1794 Verso
1089 1766 1226 1794 meti-isch
1247 1775 1292 1793 1111
1304 1765 1321 1793 (l
1343 1765 1442 1801 rhyth-

128 1806 223 1832 miseh
241 1805 445 1832 vollkommcn
466 1815 504 1833 zu
522 1805 676 1840 gestalten.
720 1806 767 1832 An
788 1804 857 1839 jene
880 1805 992 1832 Stellen
1009 1804 1132 1840 jesloch,
1153 1805 1201 1832 die
1220 1813 1315 1840 gegen
1335 1812 1439 1832 unsel-e

126 1842 326 1879 landlfiufigen
351 1843 474 1871 Gesetze
501 1843 552 1871 der
577 1843 687 1871 Meti-ik
707 1842 885 1876 vormersen,
914 1843 962 1870 die
982 1843 1139 1871 bessernde
1158 1842 1248 1870 Hand
1270 1842 1440 1877 anzulegen,

125 1882 166 1908 ist
191 1890 245 1910 aus
275 1882 332 1909 den
350 1882 506 1918 Eingangs
534 1883 694 1909 ertirterten
714 1881 853 1909 Griinden
876 1881 959 1909 recht
980 1883 1103 1918 gcwagt.
1144 1882 1268 1909 notante
1288 1880 1348 1908 und
1368 1881 1443 1908 mass,

127 1928 196 1947 man
216 1930 240 1947 z.
263 1921 294 1947 B.
314 1922 347 1948 in
363 1922 448 1957 jener
468 1922 534 1949 Zeit
551 1915 658 1948 feritur
679 1920 748 1947 oder
768 1917 871 1947 feritur
892 1917 930 1950 (9.
952 1918 999 1952 2)*?
1033 1919 1137 1948 Sicher
1149 1919 1285 1948 veram-bt
1305 1918 1444 1946 schemen

128 1966 165 1985 zu
184 1960 249 1986 sein
270 1956 296 1992 2,
314 1956 332 1985 2
352 1958 413 1986 und
433 1957 459 1993 6,
483 1958 509 1986 2.

562 2040 623 2073 158.
653 2040 688 2072 In
708 2040 810 2072 sancti
831 2041 1002 2072 Michaelis.

674 2098 721 2128 Ad
742 2099 898 2136 vesperas.

832 2161 863 2192 2.
889 2160 939 2192 Tu
963 2161 1110 2200 polorum
1135 2159 1226 2191 aulae
1248 2157 1346 2192 basis,

936 2211 972 2240 tu
996 2208 1180 2239 thronorum
1208 2206 1284 2237 civis
1311 2213 1353 2246 es,

935 2306 970 2334 tu
995 2303 1148 2335 virtutum
1171 2301 1362 2341 praemines‚

887 2351 1119 2391 Principatum‚
1145 2350 1338 2388 potestatum

936 2398 993 2430 lux
1020 2404 1190 2431 coruscans
1216 2396 1325 2432 enites.
