1650 2610
647 108 904 146 *120*

505 224 552 255 83.
583 222 634 262 „111
652 219 739 252 Diem
758 219 886 250 sanctae
904 216 1052 250 Mariac“.

664 296 713 327 Ad
731 296 886 333 Vesperas.

146 373 177 407 1.
203 372 228 404 Ο
256 371 349 402 decus
374 378 496 402 sacrum
521 368 686 408 virginum,
821 366 853 397 4.
880 363 940 403 Qui
965 362 1012 395 sic
1035 361 1177 402 suscepit
1200 360 1356 402 virginem

202 419 299 458 Quem
323 418 410 457 virgo
435 416 522 448 vehit
545 415 670 446 unicum
878 410 949 443 Poli
974 414 1142 449 terraeque
1166 408 1346 448 principem

204 465 248 497 Et
272 465 407 503 virgines
433 461 601 494 almificum
877 457 923 489 Et
946 457 1130 496 angelorum
1160 460 1336 494 compotem

203 512 380 550 Sequuntur
404 512 546 541 sanctum
568 507 749 539 Dominum.
878 503 972 535 Fecit
992 504 1026 534 in
1052 512 1127 536 arce
1149 502 1328 535 sublimem.

145 570 176 601 2.
202 567 261 606 Qui
284 567 454 598 claustrum
478 564 671 596 domicilium
821 564 851 595 5.
879 561 962 601 Illic,
987 561 1076 601 virgo
1102 559 1313 599 sanctissima,

199 613 321 645 Faxisti
345 613 405 643 iam
431 611 616 651 virgineum,
877 608 996 640 Nostra
1023 606 1113 640 defer
1140 607 1335 646 precamina,

202 660 266 699 Quo
290 668 359 691 cum
384 660 489 691 cuneis
514 659 672 698 virginum
877 657 944 695 Quo
969 660 1005 688 tu
1029 654 1165 687 tranasti
1189 654 1291 695 gioria

202 706 286 738 Cluit
310 709 406 745 caput
428 707 644 746 praecipuum.
879 702 1138 735 Commorationis
1163 701 1283 734 inclita.

144 765 176 796 3.
201 763 271 794 Hoc
294 763 445 802 templum
469 762 532 794 iam
557 761 749 801 terrigenum
820 762 851 793 6.
877 760 940 792 Per
961 762 1049 791 tuum
1073 759 1279 799 unigenitum,

201 809 325 841 Numen
351 809 437 841 cudit
462 809 654 848 caelicolum,
879 807 976 846 Quem
1001 806 1148 846 genuisti,
1174 806 1356 845 Dominum,

199 857 229 888 A
254 865 313 896 quo
339 857 536 896 redemptum
566 856 726 887 saeculum
880 854 967 886 Caeli
991 858 1135 893 petamus
1161 853 1315 893 gremium

201 903 317 935 Exstat
341 906 372 934 et
396 911 487 934 omne
512 906 676 936 tartarum.
877 901 942 933 Diu
966 909 1025 941 per
1049 910 1141 933 omne
1164 901 1336 932 saeculum.

204 987 246 1020 X,
273 987 331 1013 bis:
356 986 405 1014 fol.
433 985 495 1013 611>
522 984 677 1022 [Tempore
702 982 864 1020 Adventus]
891 987 952 1019 Xa3
978 985 1028 1013 fol.
1055 983 1138 1013 3942
1157 981 1201 1020 [in
1221 984 1432 1020 Assumptione

129 1021 234 1060 BMV]
271 1024 333 1051 Xb.
360 1039 397 1044 —
418 1022 447 1057 1,
467 1022 488 1051 4
511 1026 610 1051 sancte
635 1024 762 1051 Domine
787 1023 855 1056 Xa,
875 1024 937 1051 Xb.
956 1038 996 1042 —
1014 1021 1051 1056 2,
1073 1021 1089 1049 1
1110 1023 1169 1057 Qui
1187 1023 1353 1058 plaustrum
1371 1022 1435 1055 Xa,

129 1063 190 1090 Xb.
211 1077 249 1081 —
270 1059 296 1095 2,
317 1059 334 1089 3
356 1062 413 1095 Qui
435 1070 499 1088 cum
520 1063 562 1088 eis
582 1062 632 1097 qui
651 1062 796 1096 virginum
817 1062 884 1094 Xa3
913 1060 976 1093 Quo
998 1069 1063 1088 cum
1083 1061 1204 1088 cunenis
1224 1060 1286 1088 Xb.
1305 1075 1345 1078 —
1363 1057 1396 1093 3,
1417 1058 1436 1088 3

129 1100 156 1127 A
176 1099 248 1126 fehlt
264 1099 325 1126 Xa.
345 1114 382 1118 —
401 1096 428 1131 4,
447 1097 466 1125 2
485 1099 551 1126 Pon
569 1101 722 1135 terraeque
740 1100 872 1134 reginam
891 1099 955 1126 Xb.
975 1113 1013 1117 ——
1036 1097 1061 1133 5,
1083 1096 1102 1124 2
1122 1099 1215 1126 defert
1232 1099 1296 1125 Xa.
1318 1113 1354 1117 -
1370 1096 1396 1131 5,
1417 1097 1437 1125 4

133 1136 419 1164 commemorationis
439 1136 543 1163 inclita
561 1136 587 1162 X
596 1145 621 1163 a.
640 1150 680 1155 —
699 1134 725 1170 6,
745 1134 763 1163 3
786 1138 917 1170 petamus
938 1137 1087 1172 egregium
1106 1137 1169 1164 Xa-

203 1174 240 1201 Iu
265 1174 317 1201 Xb
348 1175 388 1201 ist
416 1174 466 1201 der
489 1174 694 1210 urspriingiich
724 1174 771 1201 fiir
795 1173 847 1201 das
871 1173 1044 1201 Mai-ienfest
1066 1174 1107 1201 im
1131 1174 1248 1202 Advent
1269 1175 1438 1202 bestimmte

129 1212 263 1247 Hymnus
283 1211 335 1238 auf
350 1211 398 1238 die
413 1211 619 1239 Himmelfahrt
630 1212 743 1239 Mariae
765 1211 940 1248 libertragen
959 1211 1035 1247 (Vgl.
1055 1212 1198 1244 Vonvort,
1221 1211 1250 1239 S.
1270 1209 1308 1240 46
1321 1211 1360 1247 f.).
1393 1212 1436 1239 Zu

132 1249 195 1276 dem
215 1249 335 1277 Zwecke
354 1248 420 1276 sind
439 1250 584 1277 zwischen
602 1250 726 1285 Strophe
745 1247 764 1277 3
783 1258 811 1276 u.
832 1248 852 1277 4
870 1249 1005 1285 folgende
1025 1249 1252 1286 eingeschoben:

143 1304 158 1332 1
175 1302 223 1340 (4).
244 1306 301 1337 Qui
319 1308 440 1333 matrem
459 1314 494 1333 ac
516 1306 691 1341 discipulum
818 1304 835 1334 3
854 1304 901 1342 (6).
921 1306 983 1334 Nec
1003 1307 1082 1334 credi
1100 1307 1144 1335 fas
1165 1307 1226 1335 uflo
1247 1306 1333 1335 modo

248 1342 419 1371 Consimiles
439 1345 471 1370 in
491 1345 571 1371 exitu
922 1344 1025 1372 Potest
1043 1346 1104 1372 iam
1124 1344 1178 1372 tali
1197 1344 1259 1372 filio

244 1380 353 1407 Fecisti
371 1383 405 1408 ut
424 1380 587 1417 prodigium
922 1382 1027 1410 Matris
1046 1385 1080 1410 in
1097 1385 1177 1410 terra
1196 1383 1329 1411 tabidam

244 1417 366 1452 Propter
385 1418 470 1446 decus
490 1419 661 1454 virgineum.
923 1418 973 1447 Sic
993 1420 1086 1448 dilabi
1108 1429 1224 1448 carnem
1245 1429 1368 1449 sacram.

142 1463 160 1491 2
179 1463 226 1500 (5).
246 1465 375 1497 Quorum
394 1465 463 1491 dum
480 1466 583 1493 tumba
602 1474 724 1501 corpora
818 1467 839 1494 4
855 1466 902 1502 (7).
923 1467 1018 1501 Quam
1039 1468 1092 1495 etsi
1114 1476 1202 1504 sopor
1223 1468 1306 1501 adiit,

245 1503 325 1537 Lege
346 1504 475 1537 suscepit
492 1504 617 1538 propria,
922 1505 964 1533 Et
982 1506 1050 1533 lacu
1068 1508 1165 1533 terrae
1183 1505 1279 1540 latuit,

245 1539 336 1567 Elata
353 1540 422 1567 hinc
437 1540 577 1568 divinitus
924 1542 1058 1576 Qualiter
1075 1543 1148 1570 hinc
1166 1544 1339 1579 absumitur,

248 1577 328 1611 Sunt,
348 1578 400 1604 ubi
420 1579 512 1605 cernit
529 1577 631 1606 filium.
923 1581 1030 1609 Postea
1049 1581 1101 1609 sed
1121 1581 1202 1609 caelo
1223 1583 1357 1610 tradit-ur.

206 1643 315 1671 Ferner
333 1642 409 1670 nach
428 1642 553 1679 Strophe
572 1642 593 1671 4
612 1645 659 1672 die
679 1645 828 1682 folgende:

513 1698 530 1727 5
550 1698 596 1735 (9).
616 1702 688 1729 Dies
721 1702 771 1730 hic
791 1711 855 1731 esse
874 1703 1008 1739 creditur,

618 1740 716 1768 Terris
750 1749 807 1778 quo
827 1742 900 1769 haec
920 1742 1091 1770 subducitur

618 1777 713 1805 Mater
734 1781 902 1807 cunctarum
921 1782 1053 1816 gentium

620 1814 760 1852 Caelique
778 1819 854 1853 petit
872 1818 1017 1845 intimum.

209 1879 381 1922 Vurianten:
410 1876 427 1907 3
447 1878 497 1914 (6),
519 1878 537 1907 3
556 1881 658 1908 tabida
675 1882 737 1910 Xb.
759 1897 795 1902 —-
816 1881 834 1911 3
856 1881 907 1918 (6),
927 1882 948 1912 4
974 1892 1057 1912 sacra
1080 1893 1146 1913 caro
1168 1886 1230 1914 Xb.
1252 1902 1289 1907 —
1308 1886 1329 1915 4
1346 1887 1400 1923 (7),
1422 1888 1440 1917 3

135 1916 295 1943 adsumitur
314 1916 377 1960 Xb.⁴
394 1930 433 1960 -T
451 1915 471 1944 4
489 1916 535 1951 (Ἴ),
556 1916 576 1945 4
593 1918 701 1963 Postea
719 1920 882 1957 zweisilbig
901 1922 962 1951 Xb.
982 1936 1021 1941 ——
1039 1922 1212 1951 Ausserdem
1232 1925 1272 1951 ist
1290 1923 1308 1952 5
1327 1924 1402 1963 (10),
1422 1927 1442 1956 4

136 1950 445 1989 Com[me]morau0ms
459 1955 646 1991 umgeandert
658 1966 689 1983 111
701 1957 927 1994 Assumptiom's.
941 1974 980 1978 ——
993 1960 1050 1988 Cfr.
1064 1961 1165 1997 Migne
1178 1959 1224 1997 86,
1239 1960 1294 1990 211
1309 1972 1337 1990 u.
1355 1963 1437 1993 1186.

531 2074 578 2105 84.
609 2075 643 2106 In
662 2075 750 2107 Diem
769 2077 898 2108 sanctae
916 2076 1048 2109 Mariae.

677 2151 713 2181 111
731 2151 892 2183 Laudibus.

150 2218 182 2251 1.
205 2217 367 2258 Hymnum
391 2218 515 2251 Mariae
539 2219 669 2259 virginis
828 2225 859 2256 2.
886 2225 1145 2266 Assumptionem
1171 2226 1272 2267 ipsius

205 2264 417 2298 Decantemus
442 2274 514 2298 cum
535 2268 667 2307 angelis,
886 2271 1090 2305 Celebremus
1117 2283 1189 2306 cum
1208 2277 1330 2316 angelis

207 2312 305 2351 Quam
333 2312 486 2354 Christus,
512 2313 572 2345 Dei
597 2313 691 2354 filius,
884 2318 1040 2352 Concessa
1064 2320 1155 2353 nobis
1180 2323 1300 2365 requie,

207 2358 425 2393 Sanctificavit
448 2364 548 2394 utero.
883 2365 1026 2399 Remotis
1050 2369 1160 2407 pravis
1185 2369 1340 2407 hostibus.
