1650 2610
722 127 982 163 —123—

233 219 266 253 ¹7.
291 219 385 253 Uxor
408 219 495 252 hunc
518 219 628 255 visura
651 232 783 264 surgens

340 268 473 308 percitis
499 277 568 301 cum
594 272 753 311 gressibus

294 315 447 348 Carceres
472 317 541 348 adit
565 321 713 359 remotOS,

340 367 446 396 castra
472 365 574 396 cernit
597 370 783 408 martyrum,

293 410 425 443 Osculat
448 411 552 444 vincla
572 412 676 454 beata,

336 457 403 490 fert
426 459 494 490 viro
521 461 739 494 constantiam.

236 543 268 575 8.
296 542 416 576 Suadet
439 547 552 584 utpote
576 546 756 585 palaestrae

342 591 407 623 vim
424 592 508 623 sacri
534 593 726 636 certaminis,

292 637 414 670 Suadet
436 639 512 670 hinc
535 640 692 678 promissa
717 641 806 680 caeli,

337 685 452 718 suadet
476 688 508 718 et
530 686 602 725 plus
627 688 762 730 perpeti,

291 732 387 773 Voce,
415 735 489 764 voto
515 735 545 764 et
570 733 736 774 imperato,

337 780 477 811 muneris
501 780 664 813 instantia.

229 865 261 898 9.
284 864 384 898 Liber
408 865 500 897 huius
527 869 659 898 evocatu

336 913 472 946 vinculis
499 914 678 946 carnalibus

291 959 452 1000 Caeditur,
479 964 691 1000 exenteratur,

336 1007 472 1040 nexibus
498 1008 701 1047 distenditur,

288 1054 333 1086 Et
356 1055 474 1095 pedum
500 1064 652 1096 compage
673 1058 803 1087 truncus

336 1102 481 1142 corporis
505 1103 699 1135 dissolvitur.

206 1187 263 1220 10.
291 1186 374 1219 Cara
398 1187 490 1219 huius
514 1188 547 1219 in
573 1189 729 1228 supremis

333 1238 419 1267 mota
445 1235 581 1267 coniunx
606 1236 740 1268 osculis:

287 1282 407 1323 Surge,
436 1282 524 1323 dicit,
549 1292 634 1323 pone
660 1283 815 1323 dextram,

334 1338 428 1369 quam
453 1330 587 1361 recisam
613 1331 739 1371 coniugi

283 1376 349 1409 Des
374 1377 452 1409 mihi
477 1378 591 1417 pignus
616 1379 741 1422 amoris,

335 1425 390 1457 des
412 1424 528 1464 stipem
554 1425 741 1458 dulcedinis.

201 1509 256 1542 11.
283 1509 337 1542 Sic
359 1518 488 1542 manum
512 1509 615 1541 libens
640 1511 787 1551 tetendit,

328 1566 423 1598 quam
446 1557 563 1589 recidit
586 1556 741 1598 carnifex,

280 1604 351 1637 Nec
373 1613 472 1648 mora,
502 1613 576 1636 mox
600 1605 686 1637 inter
709 1606 782 1646 ipsa

329 1654 476 1685 enecatus
501 1652 635 1684 vulnera

282 1700 456 1741 Coniugem
482 1700 556 1732 dote
581 1700 723 1732 secunda

329 1747 491 1788 sanguinis
516 1747 689 1782 hereditat.

197 1833 252 1866 12.
279 1834 366 1873 Quae
391 1833 475 1865 sacri
499 1833 619 1865 laboris
644 1843 736 1865 usum

325 1889 502 1921 prorogans
528 1881 733 1920 certantibus,

277 1928 439 1969 Quidquid
457 1928 506 1960 his
522 1929 658 1969 poenale
674 1929 809 1972 substat,

324 1978 430 2016 molle,
457 1976 577 2019 tritum,
606 1977 721 2019 debile,

275 2025 474 2063 Praemonet,
500 2025 598 2065 iuvat,
624 2023 775 2065 fovetque

323 2072 530 2113 provocatrix
554 2072 685 2112 gloriae.

191 2156 247 2192 13.
277 2158 431 2191 Cerneres
455 2158 551 2190 virile
575 2158 673 2190 robur

322 2206 457 2239 fervidis
484 2206 649 2238 conatibus

272 2255 417 2289 Artubus
441 2252 536 2286 fessis
560 2254 693 2295 mederi,

323 2304 475 2343 colligare
499 2302 666 2334 vulnerum

273 2352 391 2385 Inditis
416 2351 528 2391 plagas
554 2349 703 2382 fomentis

321 2400 376 2435 vel
399 2398 533 2432 medelis
560 2398 716 2440 congruis.

898 226 953 260 14.
980 226 1127 259 Serviens
1152 234 1247 257 manu
1270 226 1323 259 vel
1347 233 1403 258 ore

1023 275 1197 312 martyrum
1224 274 1400 306 discrimini

975 321 1054 353 Fert
1076 321 1116 353 iis
1143 321 1287 352 consulta
1309 322 1409 361 pacis,

1021 368 1086 400 fert
1114 368 1217 399 cibum
1243 368 1415 409 solaminis,

976 416 1158 456 Obsequens
1184 415 1297 448 effecta
1321 415 1442 448 cunctis

1021 462 1173 504 plectitur
1197 463 1231 494 in
1256 463 1399 504 singulis.

895 549 949 582 15.
977 549 1065 588 Quae
1088 549 1204 587 tamen,
1230 548 1299 579 viro
1326 556 1441 579 corona

1022 596 1096 634 post
1119 594 1313 634 triumphum
1337 594 1475 636 reddita,

975 643 1059 674 Dum
1081 651 1171 672 suum
1196 650 1309 682 corpus
1332 643 1456 682 piorum

1021 689 1120 721 illinit
1144 689 1318 730 cruoribus,

972 736 1028 768 Nil
1051 736 1155 767 minus
1179 735 1302 775 perfert
1326 737 1365 768 ab
1391 737 1467 776 illis,

1019 784 1053 814 in
1077 783 1190 822 quibus
1214 784 1294 815 haec
1318 784 1439 817 vicerit.

892 868 948 900 16.
975 867 1000 899 Ο
1026 876 1162 908 sacrum,
1188 876 1263 899 vere
1287 868 1453 899 honestum

1021 914 1179 947 vinculum
1205 915 1347 948 conubii!

973 962 998 994 Ο
1024 970 1122 994 novos
1148 970 1258 992 cursus
1282 962 1426 993 laborum

1019 1008 1188 1040 iunctionis
1213 1009 1341 1040 unicae!

970 1056 1074 1088 Ambo
1094 1058 1234 1095 currunt,
1253 1056 1345 1088 ambo
1359 1057 1498 1098 vincunt,

1021 1106 1069 1135 est
1092 1103 1234 1142 utrisque
1258 1104 1368 1143 gloria.

888 1188 943 1221 17.
970 1189 1059 1220 Haec
1082 1189 1147 1227 tua,
1175 1190 1279 1219 custos
1304 1198 1449 1228 superne.

1015 1243 1180 1267 munerum
1206 1235 1373 1267 diversitas

967 1281 1138 1314 Pertrahat
1160 1290 1271 1322 segnes
1296 1283 1338 1314 ad
1363 1284 1451 1315 illam

1014 1329 1205 1361 laureandos
1229 1330 1376 1371 patn'am,

968 1376 1036 1415 Qua
1058 1376 1118 1408 tibi
1142 1376 1254 1408 laudes
1280 1377 1366 1409 beati

1014 1427 1088 1463 post
1109 1432 1225 1463 agones
1249 1424 1407 1457 insonant.

886 1508 939 1540 18.
969 1509 1081 1541 Clarus
1106 1508 1163 1539 ille
1187 1508 1239 1539 hic
1264 1517 1432 1541 coruscans

1011 1555 1155 1588 Michael
1177 1556 1397 1597 archangelus,

964 1603 1011 1636 Ut
1034 1606 1146 1643 potens
1170 1603 1246 1635 deus
1270 1605 1437 1643 patrandis

1014 1651 1154 1683 eminens
1178 1651 1359 1690 virtutibus,

964 1698 1030 1730 Det
1052 1699 1156 1730 locum
1180 1707 1296 1731 novum
1321 1700 1449 1740 vigoris,

1014 1746 1069 1778 det
1092 1743 1234 1778 favorem
1256 1747 1407 1781 muneris,

883 1832 937 1864 19.
963 1831 1067 1864 Huius
1093 1839 1168 1870 ergo
1192 1831 1370 1871 imprecatu

1011 1879 1063 1911 vel
1086 1880 1212 1910 tuorum
1237 1882 1412 1919 martyrum

963 1926 1062 1958 Ferto
1086 1926 1177 1958 nobis
1202 1927 1286 1959 hanc
1308 1928 1477 1969 medelam,

1010 1983 1072 2014 qua
1096 1977 1220 2006 reatum
1246 1975 1359 2017 diluas,

963 2021 1136 2054 Criminum
1160 2024 1262 2055 nodos
1287 2023 1422 2064 resolve,

1011 2070 1053 2102 da
1076 2068 1251 2102 fomentum
1275 2071 1406 2111 gratiae.

879 2159 934 2190 20.
962 2159 1040 2199 Quo,
1066 2157 1233 2191 tremenda
1255 2155 1436 2188 iudicandis

1010 2215 1080 2238 cum
1107 2205 1174 2236 dies
1198 2203 1352 2244 illuxerit,

960 2255 1060 2287 Festa
1084 2261 1217 2293 quorum
1239 2251 1475 2292 praedicamus,

1008 2302 1198 2334 misceamur
1222 2299 1358 2339 gaudiis,

960 2350 1006 2382 Et
1030 2348 1144 2390 quibus
1168 2355 1231 2379 non
1257 2349 1307 2378 est
1331 2355 1457 2387 corona,

1008 2398 1052 2430 sit
1074 2395 1156 2429 fides
1181 2395 1222 2427 ad
1248 2394 1391 2435 gloriam.
