1650 2610
716 137 761 142 ——
810 116 972 153 242—

607 216 638 247 9.
667 212 777 246 Gloria
799 211 868 242 Deo
893 210 1020 250 parenti

709 259 742 289 in
768 257 901 290 excelsis
925 260 1060 299 resonet,

665 305 775 339 Gloria
799 313 946 336 canamus
973 303 1098 336 Christo

708 354 803 391 atque
826 353 935 383 sancto
959 351 1084 393 spin'tu,

661 399 719 432 Cui
742 399 811 430 laus
837 400 868 430 et
891 400 1033 438 potestas

708 453 767 485 per
792 448 920 477 aeterna
945 445 1081 476 saecula.

275 511 339 538 MT.
355 526 388 530 -
410 509 435 544 2,
451 509 468 537 2
488 519 570 538 coors
590 510 635 543 (cf.
655 511 704 538 Du
719 509 830 546 Gange:
852 510 937 537 chors
956 510 1016 536 und
1036 507 1145 545 cortis).
1161 523 1195 527 —-
1218 506 1244 542 2,
1266 506 1283 535 5
1304 509 1447 535 viverent.
1463 521 1499 526 -

199 547 225 582 3,
248 546 264 575 6
284 548 351 575 Lies
372 548 541 575 immolare?
565 564 599 567 —
630 547 655 581 6,
676 547 696 575 4
714 549 738 574 ri
762 556 793 575 ο)-
813 548 940 575 involvit
962 547 1061 574 wiirde
1086 547 1142 575 den
1162 546 1247 573 Reim
1271 546 1439 573 herstellen.
1460 559 1498 564 —

200 586 225 615 7.
245 583 265 611 4
285 586 428 613 cem-tibus
448 586 507 615 (cfr.
529 584 555 622 2,
576 584 611 617 2).
631 602 668 605 —
689 584 714 618 7,
773 585 916 612 Praemiis
936 593 1030 621 gegen
1050 585 1098 612 die
1116 584 1343 617 Endassonanz3
1366 584 1403 611 ob
1424 583 1497 611 viel-

198 622 287 650 leieht
307 622 354 649 die
373 623 428 650 den
442 624 633 651 Mozarabern
652 622 734 650 nieht
754 622 863 650 fi-emde
881 623 967 650 Form
986 624 1154 659 praemibus
1175 623 1361 649 einzusetzen
1380 622 1440 649 ist?
1460 637 1497 641 —

197 660 222 693 8,
238 659 255 685 5
276 661 305 686 et
323 659 409 694 festa3
430 661 563 688 letzteres
580 661 623 688 als
638 662 728 689 subst.
743 660 761 687 f.
775 670 802 696 g.
819 675 854 679 --
874 658 901 694 8,
918 659 935 688 6
955 663 1102 688 sacratum
1115 660 1254 697 gaudium
1269 660 1319 693 (ist
1332 668 1424 696 gegen
1441 659 1497 687 den

197 697 287 730 Rvim,
309 696 358 723 der
375 697 528 732 jodenfalls
547 700 579 725 in
599 699 654 726 den
674 697 691 726 5
713 700 807 725 ersten
821 698 965 734 Strophen
986 701 1085 734 strong
1106 698 1291 732 eingehalten
1310 698 1370 724 und
1389 699 1420 725 in
1440 697 1497 725 den

195 735 319 769 iibrigen
339 736 514 771 wenigstens
535 737 702 772 angestrebt
718 737 760 763 ist
776 736 796 763 l.
817 738 934 763 sacrata
952 736 1088 772 gaudiis?
1103 752 1141 755 —
1153 736 1212 763 Die
1224 736 1391 771 Doxologie
1403 735 1497 771 vfflhg

196 771 330 806 reim1033
356 772 391 799 ob
413 774 509 807 spater
530 774 686 809 angefiigt‘?
705 788 743 792 —
763 773 820 801 Off.
841 775 943 809 Migne
962 772 1007 808 86,
1031 772 1117 809 1233,
1137 773 1276 802 Abdruck
1296 772 1403 801 claraus
1423 774 1499 801 Acta

196 808 255 842 SS„
277 809 339 837 Oct.
360 810 396 843 X,
417 808 461 839 25.
482 811 574 839 Neale
593 809 661 847 2063
679 812 745 838 ἀοι-ἐ
761 811 858 839 fehlen
878 811 933 839 Str.
953 810 1037 839 4-6.

585 929 646 961 169.
675 930 711 961 In
730 937 769 960 ss.
790 929 920 961 Simonis
944 931 975 961 et
993 931 1098 962 Iudae.

368 998 399 1030 1.
426 994 511 1029 Itote
533 998 653 1038 populi,
677 998 807 1039 psallite
829 996 1024 1038 praepetes!

420 1044 517 1076 Iudas
543 1053 612 1075 cum
637 1045 721 1076 socio
747 1044 873 1076 Simone
898 1046 1035 1078 caelibes

418 1091 456 1122 In
481 1089 562 1122 festa
586 1092 726 1124 vocitant
749 1092 890 1124 coetibus
914 1092 1042 1136 inclitis,

417 1138 485 1169 Iam
511 1138 630 1169 cunctis
654 1138 798 1170 tribuunt
821 1140 938 1179 gaudia
962 1141 1107 1175 servulis,

364 1204 394 1234 2.
420 1199 502 1243 on,
530 1211 611 1242 ecce,
636 1206 764 1236 resonat
787 1205 940 1245 principis
966 1203 1109 1245 ephebI:

418 1250 578 1282 Uoventes
601 1250 675 1282 ilico
700 1251 837 1291 reddite,
863 1253 992 1293 servuli,

417 1296 512 1336 Uota,
539 1305 618 1336 quae
640 1297 775 1329 Domino
800 1299 955 1338 promitis,
980 1300 1084 1331 incliti

418 1343 464 1376 Ut
488 1346 625 1375 vestrum
651 1344 809 1383 accipiant
833 1354 944 1377 munus
971 1348 1116 1386 apostoli.

363 1408 393 1440 3.
419 1405 557 1448 Dignum
582 1412 630 1440 est
655 1418 725 1441 cum
748 1410 895 1450 precibus
919 1421 1066 1451 promere
1092 1411 1253 1447 canticum

417 1454 617 1495 Dignumque
645 1465 793 1497 superum
815 1458 971 1498 stringere
994 1460 1182 1500 principem,

417 1501 481 1533 Det
504 1503 568 1534 suis
594 1500 656 1545 (ut)
683 1504 810 1543 populis
834 1514 918 1537 nunc
941 1507 993 1545 pie
1017 1508 1162 1547 gratiam,

416 1548 480 1580 Det
503 1553 576 1588 post
599 1551 779 1582 aetheream
804 1553 951 1592 consequi
975 1555 1131 1595 patriam,

364 1616 395 1646 4.
421 1612 471 1647 Ac
495 1623 578 1646 nexu
602 1616 754 1647 scelerum
777 1617 841 1648 iam
865 1618 926 1649 sibi
952 1618 1078 1654 traditO

418 1661 543 1693 Adesse
568 1663 695 1695 valeant
715 1664 855 1703 principi
880 1665 1007 1706 caelico,

419 1709 469 1740 Ac
495 1709 622 1748 dempto
647 1710 777 1741 crimine
805 1712 933 1743 tramite
956 1715 1067 1752 pervio

413 1754 536 1787 Adfiati
559 1760 708 1789 maneant
730 1757 792 1789 rite
815 1760 983 1797 paraclito.

363 1822 393 1854 5.
421 1818 475 1854 Sic
498 1822 595 1854 Iudas
619 1823 753 1863 populos
777 1824 915 1857 instruat
940 1829 971 1857 et
996 1825 1112 1861 SimoN

418 1867 481 1899 Sub
508 1868 633 1901 Christo
658 1870 784 1909 placido
811 1880 940 1904 currere
963 1875 1132 1915 tramitem,

419 1913 554 1946 Servare
578 1917 696 1948 monita
719 1917 841 1957 legibus
865 1920 978 1958 indita,

420 1961 574 2000 Suprema
596 1965 633 1993 ut
656 1963 783 1995 valcant
808 1968 956 2008 consequi
981 1970 1134 2008 praemia.

367 2026 397 2057 6.
424 2024 473 2056 Sit
497 2026 580 2058 trino
606 2027 741 2060 Domino
766 2030 866 2068 gloria
889 2034 992 2076 unico,

419 2072 508 2104 Patri
533 2082 602 2104 cum
627 2075 731 2114 genito
755 2076 823 2107 sive
846 2080 1014 2123 paraclito,

420 2118 479 2157 Qui
503 2120 588 2151 solus
612 2120 765 2153 Dominus
790 2124 892 2156 trinus
917 2129 949 2157 et
972 2137 1052 2160 unus
1078 2134 1126 2161 est

420 2165 600 2197 saeclorum
626 2168 732 2200 valide
756 2171 884 2202 saecula
908 2175 1081 2208 continens.

271 2230 307 2257 X.
324 2245 360 2249 -—
375 2228 399 2264 1,
414 2227 432 2258 3
451 2230 527 2275 festa
545 2232 665 2277 vadant:
681 2247 715 2252 —-
730 2230 756 2276 2,
772 2231 787 2259 1
810 2236 950 2272 principis
972 2239 1059 2267 efferi.
1073 2256 1110 2260 -
1126 2241 1153 2277 3,
1169 2241 1184 2270 1
1206 2244 1338 2280 Dignum
1359 2257 1445 2276 nunc.
1460 2265 1498 2269 -—

193 2265 219 2300 5,
241 2264 265 2315 2μ
279 2275 398 2294 cucur-re
417 2270 542 2312 tramite.
575 2270 638 2297 Nur
657 2279 689 2297 1n
708 2269 803 2314 dieser
820 2272 944 2317 Strophe
967 2285 1027 2304 war
1048 2287 1077 2306 es
1098 2280 1162 2308 dem
1177 2281 1300 2309 Dichter
1318 2287 1497 2322 unmoglich,

195 2304 270 2332 auch
295 2313 342 2332 am
363 2305 500 2334 Sehlusse
520 2308 623 2342 jeder
641 2308 790 2336 Verszefle
810 2318 873 2337 sem
892 2312 1089 2344 Akrostiehon
1112 2318 1354 2348 durchzufi'ihren.
1380 2340 1398 2343 —
1433 2325 1459 2359 6,
1479 2325 1500 2353 4

193 2342 448 2416 Ξὲῗοιιὲξτιίιξὲ-
473 2345 529 2372 Gfr.
556 2346 657 2382 Migne
683 2343 730 2379 86,
753 2344 834 2374 1236.
856 2363 886 2367 —
912 2350 969 2378 Die
988 2353 1153 2392 Doxologie
1178 2357 1219 2383 ist
1246 2357 1325 2386 wohl
1353 2361 1498 2399 entlel1nt;
