1650 2610
714 160 874 194 -246
928 179 968 185 ——

633 251 691 283 173.
723 250 759 282 In
780 250 882 282 sancti
899 250 1039 282 Thomae.

724 318 773 348 Ad
791 317 950 356 Vesperas.

905 379 935 410 8.
963 379 1028 411 Sed
1051 378 1163 410 beatus
1188 379 1283 418 atque
1307 378 1436 409 sanctus

253 406 260 413 .
285 380 424 420 Festum,
434 381 557 413 Christe
563 389 629 419 rex,
636 388 694 419 per
700 378 809 410 orbem

330 428 434 459 illuxit
459 425 637 465 almificum,

284 474 321 505 In
346 483 406 514 quo
431 474 490 505 tibi
515 472 681 505 confitetur

334 522 445 552 cuncta
469 521 560 552 chors
582 519 733 559 fidelium,

286 566 414 599 Gloriae
437 567 592 607 persolvit
615 567 763 606 hymnum

329 622 387 654 pro
411 613 577 652 triumphis
602 616 788 653 martyrum.

249 705 256 712 .
283 678 456 718 Gloriosus,
483 688 564 719 ecce,
588 682 674 711 tuus-

326 735 386 766 que
410 726 545 759 Thomas
572 727 755 767 discipulus,

281 772 449 805 Cicatrices
474 775 699 806 contrectando

328 820 466 852 creditus
492 829 524 851 es
548 821 713 863 Dominus,

282 867 370 898 Inter
393 866 509 900 fratres
535 868 688 908 gloriosus

324 914 447 946 exstitit
469 915 641 954 apostolus.

244 1005 251 1011 .
278 978 413 1012 Nuntius
439 980 523 1012 venit
548 981 588 1012 de
611 980 707 1013 Indos

326 1034 476 1066 quaerere
500 1026 652 1058 artificem

277 1072 504 1113 Architectum,
531 1076 714 1106 construere

323 1120 441 1159 regium
466 1120 636 1163 palatium3

275 1166 312 1197 In
337 1165 406 1198 foro
431 1167 652 1199 deambulabat

324 1215 504 1246 cunctorum
528 1215 695 1248 venalium.

244 1304 250 1310 .
282 1278 409 1320 „Habeo
433 1289 557 1312 servum
581 1280 739 1323 fidelem‚“

319 1326 441 1358 locutus
467 1330 514 1358 est
537 1328 701 1369 Dominus,

276 1371 341 1414 „Ut
365 1374 512 1413 exquiris
538 1375 643 1413 talem,
670 1378 778 1415 aptum

320 1428 388 1450 esse
412 1420 495 1451 hunc
520 1420 701 1456 artificem.“

272 1465 421 1497 Abbanes
446 1467 557 1499 videns
583 1470 614 1499 et
638 1469 776 1509 gaudens

320 1513 450 1551 suscipit
476 1515 661 1553 apostolum.

238 1602 244 1608 .
271 1577 422 1609 Traditur
446 1579 529 1619 regis
553 1581 697 1614 ministro

318 1627 443 1657 sanctus
467 1626 528 1657 Dei
552 1629 734 1671 apostoius3

268 1670 443 1704 Elioforum
468 1673 628 1713 ingressus

315 1723 477 1758 susceptus
503 1722 654 1762 convivio,

268 1764 373 1805 Digna
396 1774 451 1799 suo
476 1770 657 1806 percussori

314 1813 442 1846 reddita
466 1816 513 1845 est
536 1816 626 1849 uitio.

236 1903 242 1909 .
269 1875 349 1917 Rex,
375 1881 410 1909 ut
432 1879 512 1912 vidit
536 1884 567 1912 et
590 1884 713 1915 audivit

315 1924 437 1964 insigne
459 1927 654 1970 miraculum,

266 1969 398 2002 Iuvenes
421 1974 457 2003 ut
481 1973 657 2015 benedicat,

313 2018 529 2057 supplicanter
552 2024 703 2064 postulat,

267 2062 319 2095 Sic
342 2064 500 2103 baptisma
525 2069 709 2102 candidatos

315 2116 478 2144 consecrat
501 2115 665 2149 velamine.

231 2203 237 2209 .
264 2175 476 2219 Gundaforus,
503 2189 560 2212 rex
584 2181 733 2215 Indorum

310 2225 436 2264 iniquus
460 2235 498 2258 ac
520 2227 671 2273 perfidus,

263 2270 473 2305 Romanorum
497 2283 586 2307 more
611 2276 673 2309 sibi

311 2319 412 2350 voluit
435 2321 600 2364 palatium,

263 2365 364 2398 Huius
389 2375 467 2407 opus
493 2373 675 2404 construere

309 2414 466 2455 praecipit
489 2418 677 2456 apostolum.

872 983 925 1015 10.

868 1283 922 1315 11.

864 1583 918 1616 12.

863 1888 916 1920 13.

860 2190 912 2223 14.

1007 424 1167 464 Didymus
1192 424 1354 466 apostolus

959 472 1131 513 Erogando
1154 474 1238 512 regis
1263 481 1374 503 aurum

1009 520 1164 552 construit
1188 519 1367 552 aediculum

957 567 1109 607 Rutilum,
1137 575 1302 599 coruscum
1327 564 1469 607 gemmis,

1004 615 1037 646 in
1062 614 1208 655 supernis
1236 613 1376 646 sedibus.

958 680 1093 713 Carcere
1116 690 1190 713 mox
1214 690 1272 713 rex
1295 680 1465 713 Abbanem

1002 728 1099 760 trusit
1123 737 1193 760 cum
1218 729 1381 768 apost0103

957 774 1029 815 Gat,
1056 774 1200 808 infirmus
1224 775 1309 816 regis
1334 774 1437 807 frater

1002 823 1119 862 migrat
1140 823 1180 854 ab
1205 822 1267 855 hoc
1291 822 1426 864 saeculo,

957 868 1050 902 Caelo
1077 870 1189 902 ductus
1214 870 1297 902 vidit
1322 870 1450 909 dignum

999 916 1172 957 fratrisque
1195 916 1359 956 palatium.

952 983 1068 1023 Angeli
1094 985 1247 1022 expetunt
1272 982 1410 1023 Christo,

997 1033 1032 1061 ut
1056 1032 1202 1070 resurgat
1224 1032 1377 1070 mortuus,

953 1075 1138 1109 Gundaforo
1163 1077 1280 1109 reddat
1304 1085 1426 1117 aurum,

998 1126 1082 1155 emat
1105 1122 1286 1156 aedificium

948 1169 993 1202 Et
1016 1171 1157 1203 resolvat
1179 1171 1375 1203 vinculatum

995 1218 1124 1250 Domini
1149 1219 1350 1259 discipulum.

949 1283 1028 1316 Ilico
1054 1293 1186 1325 surgens
1212 1286 1344 1325 exponit

995 1340 1119 1363 sacrum
1143 1332 1212 1372 regi
1238 1332 1394 1373 ordinem,

948 1378 1115 1411 Carcerem
1140 1379 1257 1412 deinde
1279 1380 1372 1420 petit,

995 1426 1083 1458 elicit
1105 1428 1299 1468 apostolum,

946 1471 1123 1505 Obsecrant
1147 1474 1288 1514 undique
1312 1474 1430 1507 fratres

992 1520 1179 1560 veniamque
1204 1522 1379 1554 criminum.

945 1584 1035 1617 Tunc
1042 1585 1178 1618 Thomas
1187 1587 1222 1619 in
1229 1592 1474 1627 campumvocat

992 1633 1127 1673 populos
1151 1634 1333 1675 Indanicos‚

945 1677 1098 1719 Lapidem
1123 1682 1308 1728 conscendit
1331 1684 1439 1727 altum,

992 1728 1091 1759 corda
1113 1729 1232 1760 mulcet
1256 1732 1407 1770 gentium,

944 1773 1006 1806 Per
1028 1774 1190 1814 baptisma
1212 1777 1387 1817 pollicetur

989 1823 1114 1854 veniam
1138 1824 1368 1863 peccaminum.

941 1888 1068 1921 Indiam
1094 1891 1290 1930 superiorem

988 1937 1121 1969 visitans
1147 1939 1341 1980 aggreditur,

941 1982 1064 2024 Dogma
1090 1985 1208 2017 Christi
1233 1988 1453 2028 praedicando

984 2030 1133 2064 fundavit
1156 2034 1334 2075 ecclesiam,

938 2077 1068 2110 Infinita
1093 2088 1152 2121 per
1175 2080 1338 2123 baptisma

987 2128 1185 2160 consecravit
1208 2129 1307 2163 milia.

939 2191 1025 2223 Mira
1047 2194 1166 2235 quippe
1189 2205 1228 2228 ac
1252 2197 1417 2238 stupenda

984 2238 1105 2273 faciens
1129 2242 1285 2275 miracula

938 2284 1150 2329 Sinticemque
1174 2292 1367 2324 restauravit

986 2337 1143 2375 corporali
1167 2337 1296 2381 lumine,

938 2380 1058 2414 Laticis
1082 2383 1249 2424 perfundit
1273 2389 1361 2421 unda

990 2429 1078 2461 illam
1105 2434 1137 2462 et
1160 2432 1360 2468 Mindoniam
