1650 2610
141 1827 195 1862 10.

139 2154 195 2187 11.

664 123 921 158 —193—

235 215 323 256 „Iam
348 218 389 255 te,
416 216 619 258 Zacharias,“
648 219 760 261 inquit,

283 263 433 305 „nimium
458 266 642 305 perterruit,

234 308 296 342 Sed
323 309 438 343 fatenti
463 321 539 345 vera
563 313 621 345 tibi

279 367 386 390 aurem
413 359 533 400 praebe
558 359 750 393 credulam.“

232 405 451 446 Populumque
474 416 574 447 usque
598 416 691 440 orans

277 453 422 485 ascendit
446 456 599 494 precatio.

236 537 350 580 „Ecce,
377 538 485 571 iuncta
509 541 580 572 toro
605 539 664 571 tibi

281 587 418 618 coniunx
443 587 529 625 parit
553 586 707 628 subolem,

231 632 330 670 Quem
356 634 501 672 protinus
530 634 727 672 nuncupabis

278 680 454 711 Iohannem
477 680 645 721 vocabulo,

231 725 327 758 Cuius
354 728 454 758 totum
479 727 685 767 praedicatur

275 782 335 812 per
358 773 467 805 orbem
491 774 650 806 nativitas.

196 884 203 890 .
231 857 294 890 Hic
320 859 381 890 erit
407 866 546 890 summus
571 859 728 899 propheta

276 906 446 937 nuntiandi
472 906 610 945 luminis,

229 952 336 992 Atque
358 952 444 985 viam
472 962 669 993 praeparare

275 1000 308 1031 in
336 1001 462 1032 deserto
488 1000 634 1041 Domino,

227 1047 272 1080 Et
296 1047 424 1087 populis
452 1048 670 1080 demonstrare

274 1099 398 1126 rectum
422 1091 544 1139 [in]quo
569 1093 748 1136 pergeret-,fl

195 1207 201 1214 .
230 1180 322 1213 Talia
347 1188 448 1213 sacer.
473 1180 503 1212 E
529 1183 640 1213 contra

280 1228 368 1260 dicta
392 1227 552 1267 prompsit
575 1228 689 1261 labiis:

234 1275 379 1316 „Pressis
391 1275 455 1306 iam
468 1275 586 1307 nostris
601 1275 658 1307 sub
671 1276 762 1308 annis

275 1324 481 1354 marcuerunt
505 1322 640 1364 viscera,

228 1370 278 1402 Ac
303 1369 437 1410 genibus
465 1370 639 1410 denegatur

273 1418 388 1450 vetulis
417 1418 622 1456 posteritas.“

232 1503 322 1546 „Ego
347 1512 416 1535 sum
441 1503 555 1535 missus
581 1503 621 1534 ab
652 1504 748 1535 astris

272 1551 458 1592 angelorum
484 1550 599 1590 socius,

223 1598 267 1631 Et
292 1601 327 1630 tu
353 1597 470 1630 <livinis
495 1598 676 1638 praeceptis

272 1644 363 1678 fuisti
388 1645 581 1689 incredulus,

224 1694 361 1733 Propter
387 1693 471 1732 quod
498 1701 610 1725 carens
632 1694 759 1732 loquela

270 1741 332 1772 cris
355 1742 464 1772 tacens
489 1739 595 1780 labiis,

222 1828 334 1860 Donec
360 1825 468 1858 futura
498 1824 615 1858 frueris

271 1874 419 1915 pariendi
445 1873 558 1914 gratia.
567 1871 581 1886 “

223 1923 270 1957 Ut
294 1921 456 1963 gressibus
481 1922 550 1954 ibat
576 1920 676 1953 cautis

269 1973 356 2002 metu
379 1969 592 2009 liminaribus,

222 2018 356 2058 Populis
380 2017 489 2049 lumen
515 2017 635 2049 vidisse

268 2064 426 2097 indicavit
450 2064 590 2098 nutibuS.

223 2152 364 2192 Tempus
384 2160 501 2192 nempe
524 2151 673 2191 pariendi

267 2209 349 2240 puer
374 2208 506 2238 magnus
532 2201 624 2231 natus
651 2202 717 2239 est3

220 2248 349 2281 Cunctis
377 2249 447 2279 erat
468 2246 614 2289 intentio,

266 2296 352 2336 quod
376 2294 512 2328 haber-et
536 2295 663 2327 nomine

219 2344 403 2385 Zachariae,
430 2351 506 2376 vero
532 2342 680 2383 scripsit:

271 2391 449 2436 „Iohannes
475 2388 672 2426 vocabitur,“

182 2453 298 2481 mame,
312 2451 447 2481 Hymnodia
461 2451 552 2476 Getica,

836 221 889 254 12.

836 543 889 576 13.

836 862 888 895 14.

835 1183 888 1216 15.

832 1505 886 1538 16.

831 1827 884 1860 17.

827 2152 882 2186 18.

916 221 1065 261 Inquiunt
1085 222 1274 262 propinqui:
1307 222 1445 265 „Nostra

961 269 1066 300 nullus
1089 269 1123 301 in
1151 271 1303 309 progenie

916 315 1001 355 Fuit,
1029 316 1216 356 quicumque
1239 317 1396 349 Iohannes

961 365 1089 395 vocatus
1116 366 1165 396 est
1187 365 1323 403 nomine,

916 410 980 442 Sed
1005 410 1097 442 huius
1119 413 1287 451 paternum
1312 412 1373 442 erit

962 457 1097 489 nominis
1123 456 1267 492 electiof‘

917 543 993 575 Mox
1018 543 1104 583 patri
1128 546 1295 583 parentum
1321 547 1427 576 coetus

962 590 1151 630 pugillarem
1174 592 1316 632 protulit,

917 636 961 669 Ut
982 645 1095 669 nomen
1122 637 1270 669 collatum
1295 639 1381 678 proli

962 684 1009 715 sic
1033 684 1107 716 stilo
1137 685 1347 725 depromeret,

915 729 997 762 Nam
1023 732 1179 770 loquelam
1205 733 1374 773 peregrina

962 778 1094 809 abstulit
1117 779 1244 811 locutio.

916 862 960 893 Et
985 871 1055 894 cum
1079 863 1111 894 in
1128 872 1266 903 persona
1290 865 1444 904 scriptum

979 909 1133 941 scriberet
1159 911 1288 950 calamo,

916 956 1029 996 Signat
1054 956 1182 996 digitis:
1212 958 1389 1000 „Iohannes

961 1011 1076 1035 nomen
1102 1005 1163 1035 erit
1186 1003 1308 1044 pueri.“

915 1050 968 1082 Sic
992 1051 1096 1083 soluta
1121 1060 1190 1083 cum
1214 1052 1317 1084 literis

962 1098 1071 1138 lingua
1095 1107 1207 1130 nomen
1232 1099 1364 1132 indicat.

918 1182 1008 1214 Tunc
1030 1183 1137 1215 mirati
1162 1186 1235 1215 sunt
1260 1187 1409 1228 astantes,

965 1230 1048 1262 terni
1070 1232 1189 1263 mensis
1214 1232 1311 1264 tacito

915 1278 1052 1317 Propter
1083 1287 1196 1310 nomen
1231 1278 1445 1311 roborandum

962 1325 1054 1357 nodis
1078 1325 1187 1367 lingua
1211 1327 1354 1364 solvitur,

912 1372 1063 1404 Exsultat
1086 1375 1179 1412 pater
1201 1373 1234 1404 in
1260 1373 1371 1415 Deum,

960 1420 1078 1460 gaudet
1102 1420 1214 1452 videns
1239 1419 1348 1452 filium.

913 1504 1124 1545 Temporibus
1149 1506 1212 1537 iam
1239 1505 1404 1544 completis

960 1551 1067 1585 infans
1093 1561 1223 1593 magnus
1250 1553 1401 1595 cernitur,

913 1600 1008 1632 Cuius
1033 1608 1146 1632 nomen
1171 1600 1376 1641 praenotavit

958 1650 1052 1687 pater
1076 1648 1107 1679 in
1135 1647 1312 1689 volumine3

911 1694 1046 1727 Vinculo
1072 1695 1174 1727 soluto
1200 1695 1327 1735 linguae

963 1742 1167 1774 collaudabat
1191 1741 1373 1777 Dominum,

912 1826 961 1858 De
986 1827 1047 1859 isto
1074 1826 1157 1858 dixit
1182 1829 1213 1858 et
1237 1830 1339 1868 pater,

957 1874 1030 1906 Iesu
1056 1874 1182 1907 Christo
1208 1874 1355 1915 Domino,

912 1921 957 1955 Ut
980 1924 1111 1963 pararet
1136 1923 1218 1955 viam
1244 1923 1301 1962 illi,

957 1970 1163 2010 praemittere
1191 1971 1356 2012 angelum,

911 2017 1007 2050 Cuius
1035 2017 1124 2050 cibus
1151 2019 1349 2051 locustarum

957 2069 989 2097 et
1012 2066 1116 2098 mellis
1143 2066 1326 2107 agrestium.

908 2152 952 2185 Et
975 2153 1133 2185 Iohannes
1167 2153 1232 2184 iam
1257 2151 1443 2192 praedictus

955 2200 1070 2232 missus
1095 2201 1128 2232 in
1153 2199 1281 2238 *spiritu

909 2248 1017 2288 Atque
1040 2248 1160 2279 virtute
1183 2246 1284 2288 Eliae‚

958 2298 994 2327 ut
1018 2297 1109 2327 notat
1133 2294 1293 2335 nativitas,

909 2344 1173 2383 Praeparansque
1197 2341 1282 2373 viam
1306 2341 1365 2381 illi,

955 2391 1052 2423 iudex
1078 2391 1133 2430 qui
1156 2392 1308 2423 venturus
1335 2392 1391 2424 est.
