1650 2610
729 144 891 179 -240
955 163 999 169 --

407 242 459 275 13.
487 244 561 275 Post
587 241 646 272 hoc
670 239 755 270 beati
780 236 970 276 proeliante-s
995 234 1159 274 pulchrius

402 482 455 514 14.

397 724 451 756 15.

394 969 447 1000 16.

393 1205 446 1245 17.

392 1455 447 1486 18.

395 1698 448 1729 19.

391 2182 444 2214 21.

489 288 633 320 Castulus
658 287 782 318 sanctus
804 292 865 315 nec
888 292 950 314 non
977 284 1009 313 et
1032 281 1196 313 Tiburtius

488 335 644 373 Superant
666 333 755 371 ignes
780 332 996 368 tortorumque
1019 328 1163 367 verbera,

486 381 573 413 Ense
597 377 747 418 prostrati
771 377 909 416 migrant
931 376 972 407 ad
999 374 1149 407 caelestia

484 428 592 466 Regno
617 424 708 456 asciti
732 432 801 456 cum
824 423 919 455 turba
943 422 1094 462 angelica.

482 482 581 521 Igitur
605 481 684 512 tenti
707 480 822 511 exhinc
846 478 1034 511 nobilissimi

483 527 606 560 Gemini
630 526 747 558 fratres
771 526 828 558 sed
852 527 907 558 uni
933 525 1085 557 vocabulo

480 574 635 613 Figuntur
658 573 743 613 ligno
769 572 882 604 ferreis
902 572 1032 612 aculeis,

480 620 699 652 JStimulantur
722 621 834 658 planta
853 620 971 659 pedum
997 619 1149 660 clavibus,

476 667 627 699 Fatentes
653 667 812 700 Christum
837 667 948 699 lancea
972 666 1141 699 transfossi
1165 669 1247 699 sunt.

479 723 537 755 His
560 723 716 755 universis
740 723 891 755 laureatis
911 725 1064 763 sanguine

475 770 616 802 Rutilum
639 771 727 802 sidus
752 772 943 811 lucernaque
967 770 1091 811 fulgida

476 817 540 849 Diu
563 818 664 849 latere
687 818 866 850 nullatenus
890 818 1004 858 potuit,

477 865 655 897 Sebastiani
679 865 791 897 inclita
813 866 1005 904 praesentia,

476 913 590 945 Orator
615 912 729 952 quique
752 912 873 944 cunctis
898 912 959 944 fuit
982 914 1137 944 strenuus.

474 969 537 1000 Hic
562 968 745 1000 callidorum
772 972 942 1000 conventus
967 969 1093 1000 insidiis

474 1015 553 1055 Regi
578 1014 702 1046 oblatus
728 1018 832 1047 exstat
856 1016 1090 1055 imperterritus

472 1062 516 1094 Et
540 1062 729 1093 sciscitatur.
755 1062 883 1095 numina
909 1073 963 1094 cur
987 1065 1167 1095 temneret?

474 1109 632 1141 Christum
654 1109 875 1141 incunctanter
898 1110 1060 1142 laudando
1087 1109 1250 1142 confessus
1277 1114 1324 1143 est

472 1156 554 1187 Esse
574 1164 643 1187 cum
666 1158 760 1195 patre
782 1157 882 1188 Deum
909 1157 1155 1196 sempiterniter.

473 1212 574 1244 Huius
600 1213 641 1244 ad
665 1221 775 1245 vocem
800 1212 909 1245 furens
933 1213 1030 1246 iudex
1055 1214 1172 1253 impius

473 1259 566 1291 Iubet
589 1259 623 1291 in
649 1268 758 1298 campo
785 1261 869 1292 hunc
892 1261 1016 1301 sagittis
1041 1262 1136 1301 insui,

475 1306 565 1345 Quod
590 1315 686 1346 genus
712 1316 834 1346 poenae
860 1308 932 1340 huic
957 1308 999 1340 ad
1025 1309 1154 1340 exitium

473 1354 591 1385 Putans
616 1355 777 1398 prodesse,
805 1355 867 1386 sibi
893 1356 934 1387 ad
958 1356 1141 1397 vindiciam,

473 1400 592 1431 Amens
617 1401 769 1440 relinquit
792 1403 896 1441 ipsum
924 1403 1013 1435 velut
1037 1406 1204 1436 mortuum.

473 1455 569 1486 Nullo
594 1455 705 1487 beatus
726 1458 834 1489 dolore
860 1460 1042 1499 conteritur,

476 1503 552 1532 (¹u1n
578 1505 753 1535 armaretur
778 1505 893 1536 <livinis
919 1506 1098 1546 virtutibus,

477 1549 539 1581 Sed
567 1550 786 1582 convalescens
811 1551 871 1582 iam
898 1553 1015 1584 virtute
1039 1553 1205 1593 praeditus

477 1596 711 1628 Persecutorem
735 1597 843 1629 obviat
866 1600 1049 1640 modestius,

476 1643 659 1681 Proponens
684 1652 801 1676 morem
829 1646 1002 1679 Christiani
1028 1648 1193 1688 dogmatis.

475 1699 621 1731 Immanis
646 1700 701 1731 ille
725 1702 826 1733 denuo
853 1702 1036 1736 desaeviens

476 1745 600 1785 Flagris
628 1748 750 1780 concidi
775 1748 837 1780 Dei
863 1753 1004 1783 sanctum
1027 1753 1165 1792 imperat

473 1789 704 1832 Indesinenter‚
727 1805 826 1835 usque
851 1797 925 1829 dum
951 1798 1119 1840 deficeret3

474 1838 536 1870 Sed
562 1849 633 1872 mox
657 1844 689 1872 ut
715 1842 817 1882 ipsam
841 1844 1000 1883 perferret
1024 1849 1221 1887 sententiam,

476 1885 627 1924 Spiritum
653 1886 741 1920 efflat
765 1890 805 1921 ad
830 1893 968 1930 patriam
994 1895 1154 1927 caelicam.

439 1963 446 1970 .
471 1941 593 1981 Astarte,
620 1943 681 1974 Dei
704 1944 831 1983 gloriosi
858 1952 1025 1990 martyres,

472 1987 594 2027 Asnam,
622 1989 738 2022 Christi
764 1993 878 2027 milites
904 1995 1079 2041 fortissimi,

474 2033 571 2065 Ferte
595 2034 736 2069 favorem
762 2040 865 2072 verbis
890 2043 1145 2089 obsequentibus,

474 2081 676 2114 Patrocinate
700 2085 789 2116 vobis
815 2087 1018 2130 diligentibus

473 2127 518 2159 Et
541 2126 708 2169 suffragate
734 2132 912 2167 Christiano
940 2140 1051 2171 coetui.

471 2184 533 2223 En,
560 2187 666 2216 coetus
691 2188 791 2219 omnis
817 2191 911 2230 atque
932 2196 1154 2238 sacerdotium,

473 2231 534 2269 En,
561 2234 648 2263 aetas
673 2235 785 2274 omnis,
812 2244 904 2269 sexus
930 2240 980 2271 vel
1006 2243 1148 2276 condicio

472 2278 595 2310 Vestris
621 2282 817 2319 congaudent
843 2283 937 2317 hodic
961 2288 1112 2332 victoriiS,

474 2325 629 2358 Praebete
655 2329 774 2359 cunctis
801 2338 939 2372 congrua
962 2337 1114 2377 remedia,

474 2372 518 2405 Ut
542 2382 682 2415 quaeque
708 2377 821 2408 vestris
847 2384 1024 2418 competant
1047 2383 1110 2415 iam
1135 2385 1267 2420 meritiS.
