1650 2610
691 133 947 169 —106-

503 235 535 267 3.
560 233 609 265 Tu
633 233 699 263 esto
722 231 865 262 nostrum
890 228 1048 271 gaudium,

562 279 620 318 Qui
645 287 677 309 es
702 276 826 308 futurus
849 275 1044 316 praemium

560 326 608 358 Sit
631 327 739 357 nostra
764 324 798 355 in
821 325 854 354 te
876 322 976 362 gloria

559 374 622 405 Per
647 374 759 403 cuncta
782 377 908 409 semper
932 370 1067 401 saecula.

242 451 308 479 MT.
337 465 374 469 —
400 448 431 482 2,
457 447 478 475 4
507 447 637 474 Adversa.
661 453 775 482 quoque
797 442 973 478 (Konjektur
995 442 1111 471 Neale's
1138 440 1315 478 acceptiert).
1346 456 1381 460 —-
1411 440 1470 467 Cfr.

166 488 265 524 Migne
284 486 329 522 86,
350 485 420 521 938;
438 485 529 514 Neale
551 482 594 519 16,
615 484 719 511 daraus
740 482 848 510 Daniel
864 482 915 514 IV,
935 480 981 510 46.

644 592 684 623 61.
714 592 760 623 Ad
779 591 982 623 Undecimam.

182 676 211 707 1.
237 675 334 707 Horis
359 673 497 713 peractis
521 672 669 704 undecim
856 672 888 704 2.
914 670 1021 703 Labor
1046 671 1177 703 diurnus
1202 669 1341 709 transiit,

236 722 313 754 Ruit
338 721 405 753 dies
429 721 462 752 in
487 728 663 759 vesperum,
915 718 990 759 Quo,
1017 718 1153 756 Christe,
1168 727 1226 750 nos
1252 716 1470 757 conduxeras3

238 767 402 801 Solvamus
427 776 519 799 omne
544 766 684 798 debitum
914 764 966 797 Da
988 766 1052 797 iam
1078 766 1196 797 colonis
1216 765 1328 797 vineae

236 816 355 847 Mentis
379 815 535 854 benignae
560 813 725 845 canticum.
915 812 1077 845 Promissa
1100 813 1184 845 dona
1207 812 1338 853 gratiae.

502 872 532 903 3.
559 869 741 902 Mercedem
767 876 899 908 quoque,
925 869 1063 902 advocas

560 918 642 957 Quos
668 916 710 948 ad
735 914 884 954 futurum,
910 924 1074 956 muneras,

559 963 626 995 Nos
650 963 682 994 in
708 962 818 994 labore
842 962 958 995 adiuva

558 1011 603 1043 Et
626 1012 700 1050 post
722 1009 864 1041 laborem
892 1018 1011 1042 recrea.

240 1087 305 1114 MT.
327 1100 362 1104 —
383 1083 417 1118 2,
443 1083 463 1112 4
482 1085 557 1112 dono
577 1084 691 1119 gratiae
709 1083 884 1118 (Konjelztur
902 1083 1022 1111 Neale's
1043 1082 1219 1120 acceptiert).
1239 1097 1277 1103 -
1297 1080 1330 1118 3,
1354 1081 1368 1109 1
1389 1082 1470 1110 Viel-

166 1124 257 1151 leicht
281 1124 347 1151 sind
373 1123 498 1150 advocas
524 1122 584 1149 und
607 1129 742 1148 muneras
768 1119 809 1154 (3,
835 1118 862 1155 2)
887 1122 918 1147 in
943 1122 1022 1149 ihrer
1047 1121 1159 1149 Stellun
1211 1130 1249 1149 zu
1267 1120 1469 1153 vertauschen,

165 1161 310 1189 natiirlich
330 1161 408 1188 daun
429 1161 484 1187 mit
503 1160 624 1187 andercr
642 1159 876 1194 Interpunktion.
897 1173 935 1179 —-
955 1159 1013 1188 Ofr.
1032 1160 1133 1195 Migne
1180 1157 1210 1193 6,
1237 1156 1307 1194 9383
1327 1158 1420 1187 Neale
1435 1155 1470 1184 16

166 1197 230 1235 (mit
248 1198 447 1227 bedentenden
466 1197 702 1232 Abweichungen
720 1205 778 1224 von
798 1196 849 1223 der
862 1197 916 1224 Hs.
930 1199 963 1224 in
976 1197 1033 1225 Str.
1050 1195 1086 1233 3),
1107 1198 1213 1225 claraus
1226 1197 1335 1225 Daniel
1354 1196 1407 1229 IV,
1421 1194 1468 1223 46.

633 1307 679 1338 62.
709 1307 754 1338 Ad
773 1307 999 1340 Duodecimam.

182 1387 212 1419 1.
238 1387 396 1426 Quotquot
420 1386 502 1417 diem
528 1386 739 1417 determinant
856 1387 888 1418 2.
915 1386 1039 1419 Cadens
1066 1386 1133 1419 dies
1157 1387 1190 1419 in
1216 1395 1383 1426 vesperum

235 1433 353 1472 Horae,
379 1433 465 1464 Deus
490 1433 642 1472 piissime,
914 1433 1054 1474 Transit,
1080 1443 1216 1473 superne
1240 1433 1365 1474 lucifer,

237 1479 364 1512 Laudes
386 1480 514 1511 honoris
540 1479 663 1511 debitas
913 1480 1069 1521 Exsurge,
1095 1485 1216 1512 mentes
1238 1482 1355 1514 innova

240 1527 404 1559 Porsolvat
427 1526 488 1557 iste
512 1535 589 1566 grex
613 1526 682 1558 tibi.
915 1527 982 1559 Iam
1008 1528 1145 1568 spiritali
1170 1529 1282 1568 gratia.

527 1583 559 1616 3.
584 1582 738 1615 Discedat
758 1582 871 1614 umbra
896 1584 1071 1625 criminum,

585 1630 727 1662 Pellatur
750 1630 800 1661 ira
825 1630 1020 1671 daemonum,

584 1676 695 1710 Cubile
718 1680 861 1708 nostrum
885 1677 981 1710 visita

583 1723 661 1764 Tua,
687 1723 784 1765 Deus,
812 1724 968 1759 custodia.

241 1788 306 1816 MT.
327 1803 362 1807 -
390 1787 414 1822 1,
438 1786 452 1815 1
474 1788 644 1825 Quodquod.
665 1804 702 1808 —
724 1787 749 1822 1,
768 1787 789 1816 4
806 1789 968 1818 Persolbat.
989 1806 1027 1811 —
1047 1791 1103 1819 Str.
1125 1789 1143 1818 2
1156 1793 1196 1819 ist
1208 1792 1266 1819 fast
1278 1792 1471 1829 unleserlich3

167 1827 216 1853 ich
230 1827 304 1861 gebe
317 1826 381 1853 hier
394 1827 441 1853 die
451 1827 612 1854 Varianten
625 1827 826 1854 Lorenzanas:
841 1825 867 1861 2,
885 1827 899 1854 1
913 1828 994 1857 Iacet
1006 1838 1085 1856 nunc
1097 1829 1174 1866 dies3
1190 1828 1217 1864 2,
1234 1828 1253 1857 2
1267 1839 1419 1867 supernus.
1438 1846 1471 1851 -—

168 1864 225 1891 cfr.
243 1864 344 1900 Migne
365 1861 410 1897 86,
432 1861 501 1899 9393
522 1864 614 1892 Neale
635 1863 678 1900 17,
699 1865 804 1892 daraus
823 1866 931 1894 Daniel
949 1868 1000 1901 IV,
1022 1866 1068 1895 46.

634 1974 679 2005 63.
709 1976 789 2006 Ante
810 1976 1001 2016 completam.

184 2053 214 2085 1.
241 2053 327 2086 Cibis
351 2053 520 2092 resumptis
546 2054 702 2094 congruis,
859 2057 890 2087 2.
915 2056 1054 2089 Occurre
1076 2058 1167 2090 nobis
1192 2060 1278 2093 ocius

241 2101 344 2134 Cenae
365 2100 504 2140 peractis
528 2100 637 2132 usibus
919 2103 1048 2137 Tollens
1074 2106 1137 2138 cibi
1161 2109 1376 2150 gravedinem,

240 2148 293 2179 Ad
317 2150 359 2190 te,
384 2147 567 2187 redemptor
590 2148 709 2187 inclite,
922 2150 1043 2192 Corpus
1072 2154 1251 2194 parandum
1278 2157 1321 2188 ad
1345 2166 1473 2197 precem

240 2194 366 2227 Laudes
389 2194 531 2228 venimus
554 2203 710 2234 promere.
923 2198 1136 2233 Confessionis
1163 2202 1242 2235 dans
1266 2202 1373 2237 fidem.

507 2253 539 2284 3.
564 2252 611 2284 Ut
634 2252 788 2292 quidquid
811 2261 865 2284 ore
888 2256 1061 2293 promimus

565 2299 641 2330 Tuis
666 2300 765 2331 sacris
789 2300 823 2331 in
846 2301 1005 2346 laudibus,

564 2346 664 2380 Nobis
690 2355 834 2379 coronam
857 2349 1033 2392 conferenS,

564 2393 631 2426 Soli
654 2394 723 2426 Deo
749 2395 827 2427 dans
852 2396 994 2436 gloriam.
